@article{VanGils2011,
	Author = {D. P. M. van Gils and G. W. Bruggert and D. P. Lathrop and C. Sun and D. Lohse},
	Journal = {Rev. Sci. Instrum.},
	Pages = {025105},
	Title = {The {{Twente}} turbulent {{Taylor--Couette}} {{($T^3C$)}} facility: {S}trongly turbulent (multi-phase) flow between independently rotating cylinders},
	Volume = {82},
	Year = {2011}}

%introduction roughness
@book{Schlichting,
	Author = {H. Schlichting and K. Gersten},
	Edition = {8th},
	Publisher = {Springer Verlag},
	Title = {Boundary layer theory},
	Year = {2000}}

@article{Flack2014,
	Author = {Flack, K. A. and Schultz, M. P.},
	Journal = {Phys. Fluids},
	volume = {26},
    number = {10},
	Pages = {101305},
	Title = {Roughness effects on wall-bounded turbulent flows},
	Year = {2014}}

%from gasdrive proposal
@article{Watanabe1998,
  title={Measurements of drag reduction by microbubbles using very long ship models},
  author={Watanabe, O. and Masuko, A. and Yasushi, S.},
  journal={J. Soc. Nav. Archit. Jpn.},
  volume={183},
  pages={53--63},
  year={1998}}

%introduction microbubbles
@article{Madavan1984,
author = {N. K. Madavan and S. Deutsch and C. L. Merkle},
title = {Reduction of turbulent skin friction by microbubbles},
journal = {Phys. Fluids},
volume = {27},
number = {2},
pages = {356-363},
year = {1984},
}

@article{Madavan1985,
author = {N. K. Madavan and S. Deutsch and C. L. Merkle},
title = {Measurements of local skin friction in a microbubble-modified turbulent boundary layer},
journal = {J. Fluid Mech.},
volume = {156},
pages = {237-256},
year = {1985},
}

@article {McCormick1973,
author = {McCormick, M. E. and Bhattacharyya, R.},
title = {Drag reduction of a submersible hull by electrolysis},
journal = {Nav. Eng. J.},
volume = {85},
number = {2},
pages = {11-16},
year = {1973},
}
@article{Einstein1906,
author = {Einstein, A.},
title = {{Eine neue Bestimmung der Moleküldimensionen}},
year={1906},
journal = {Ann. Phys.},
volume = {324},
number = {2},
pages = {289-306},
}

%introduction bubble size
@article{Verschoof2016,
author = {Verschoof, R.A. and van der Veen, R. C. A. and Sun, C. and Lohse, D.},
journal = {Phys. Rev. Lett.},
volume = {117},
title = {{Bubble drag reduction requires large bubbles}},
pages = {104502},
year = {2016}}

@article{Lu2005,
author = {J. Lu and A. Fernández and G. Tryggvason},
title = {The effect of bubbles on the wall drag in a turbulent channel flow},
journal = {Phys. Fluids},
volume = {17},
number = {9},
pages = {095102},
year = {2005},
}
@article{vanGils2013,
author={van Gils, D. P. M. and Narezo Guzman, D. and Sun, C. and Lohse, D.},
title={{The importance of bubble deformability for strong drag reduction in bubbly turbulent {Taylor--Couette} flow}},
volume={722},
journal={J. Fluid Mech.},
year={2013},
pages={317--347}
}
@article{vandenBerg2007,
	Author = {T. H. van den Berg and D. P. M. van Gils and D. P. Lathrop and D. Lohse},
	Journal = {Phys. Rev. Lett.},
	Pages = {084501},
	Title = {Bubbly turbulent drag reduction is a boundary layer effect},
	Volume = {98},
	Year = {2007}}

@article{vandenBerg2005,
	Author = {T. H. van den Berg and S. Luther and D. P. Lathrop and D. Lohse},
	Journal = {Phys. Rev. Lett.},
	Pages = {044501},
	Title = {Drag reduction in bubbly {Taylor--Couette} turbulence},
	Volume = {94},
	Year = {2005}}

%introduction flat plate + TC bubbles moving away
@article{Sanders2006,
author={Sanders, W. C. and Winkel, E S. and Dowling, D. R. and Perlin, M. and Ceccio, S. L.},
title={Bubble friction drag reduction in a {high-Reynolds-number} flat-plate turbulent boundary layer},
volume={552},
journal={J. Fluid Mech.},
year={2006},
pages={353--380}
}

@article{Verschoof2018,
title={{The influence of wall roughness on bubble drag reduction in Taylor--Couette turbulence}},
volume={851},
journal={J. Fluid Mech.},
author={Verschoof, R. A. and Bakhuis, D. and Bullee, P. A. and Huisman, S. G. and Sun, C. and Lohse, D.},
year={2018},
pages={436--446}
}
@article{Fokoua2015,
author = {Fokoua, G. N. and Gabillet, C. and Aubert, A. and Colin, C.},
title = {{Effect of bubble's arrangement on the viscous torque in bubbly Taylor--Couette flow}},
journal={Phys. Fluids},
pages = {034105},
volume = {27},
number={3},
year = {2015},
}

%introduction air layer
@article{Elbing2008,
title={Bubble-induced skin-friction drag reduction and the abrupt transition to air-layer drag reduction},
volume={612},
journal={J. Fluid Mech.},
author={Elbing, B. R. and Winkel, E. S. and Lay, K. A. and Ceccio, S. L. and Dowling, D.R. and Perlin, M.},
year={2008},
pages={201--236}
}
@ARTICLE{Verschoof2017,
   author = {{Verschoof}, R. A. and {Bakhuis}, D. and {Bullee}, P. A. and
	{Huisman}, S. G. and {Sun}, C. and {Lohse}, D.},
    title = {Air cavities at the inner cylinder of turbulent {Taylor--Couette} flow},
journal = {Int. J. Multiph. Flow},
volume = {105},
pages = {264--273},
year = {2018},

}
@PhdThesis{Zverkhovskyi2014,
author = {Zverkhovskyi, O.},
title ={Ship drag reduction by air cavities},
school = {Delft University of Technology, Delft, NL},
year = {2014},
OPTkey = {•},
OPTtype = {•},
OPTaddress = {•},
OPTmonth = {•},
OPTnote = {•},
OPTannote = {•}
}

%introduction sh surfaces
@Article{Fukuda2000,
author="Fukuda, K. and Tokunaga, J. and Nobunaga, T. and Nakatani, T. and Iwasaki, T. and Kunitake, Y.",
title="Frictional drag reduction with air lubricant over a {super-water-repellent} surface",
journal="J. Mar. Sci. Technol.",
year="2000",
volume="5",
number="3",
pages="123--130",
}
@article{Domingues2017,
author = {Domingues, E. M. and Arunachalam, S. and Mishra, H.},
title = {Doubly Reentrant Cavities Prevent Catastrophic Wetting Transitions on Intrinsically Wetting Surfaces},
journal = {ACS Appl. Mater. Interfaces},
volume = {9},
pages = {21532--21538},
year = {2017},
}

@article{Peters2009,
author = {Peters, A. M. and Pirat, C. and Sbragaglia, M. and Borkent, B. M. and Wessling, M. and Lohse, D. and Lammertink, R. G. H.},
journal = {Eur. Phys. J. E},
pages = {391--397},
title = {{Cassie-Baxter to Wenzel state wetting transition: Scaling of the front velocity}},
volume = {29},
year = {2009}
}

@article{Tsai2009,
author = {Tsai, T. and Peters, A. M. and Pirat, C. and Wessling, M. and Lammertink, R. G H and Lohse, D.},
journal = {Phys. Fluids},
pages = {112002},
title = {{Quantifying effective slip length over micropatterned hydrophobic surfaces}},
volume = {21},
year = {2009}
}

@article{Qi2009,
author = {Qi, D. and Lu, N. and Xu, H. and Yang, B. and Huang, C. and Xu, M. and Gao, L. and Wang, Z. and Chi, L.},
title = {{Simple Approach to Wafer-Scale Self-Cleaning Antireflective Silicon Surfaces}},
journal = {Langmuir},
volume = {25},
pages = {7769--7772},
year = {2009},
}

@article{Haase2013,
author = {Haase, A. S. and Karatay, E. and Tsai, P. A. and Lammertink, R. G. H.},
journal = {Soft Matter},
issue={37},
pages = {8949-8957},
title = {{Momentum and mass transport over a bubble mattress: the influence of interface geometry}},
volume = {9},
year = {2013}
}
%introduction laminar SH DR

@article{Bixler2013,
author = {Bixler, G. D. and Bhushan, B.},
journal = {Soft Matter},
issue={5},
pages = {1620-1635},
title = {{Bioinspired micro/nanostructured surfaces for oil drag reduction in closed channel flow}},
volume = {9},
year = {2013}
}
%introduction bubbles in flow merging with SH surfaces
@article{Wang2012,
author = {Wang, J. and Yang, Q. and Wang, M. and Wang, C. and Jiang, L.},
journal = {Soft Matter},
pages = {2261--2266},
title = {{Rose petals with a novel and steady air bubble pinning effect in aqueous}},
volume = {8},
issue={7},
year = {2012}
}

%review article SH
@article{Rothstein2010,
author = {Rothstein, J. P.},
journal = {Annu. Rev. Fluid Mech.},
pages = {89--109},
title = {{Slip on Superhydrophobic Surfaces}},
volume = {42},
year = {2010}
}
%review articles bubble and air layer DR
@article{Ceccio2010,
author = {Ceccio, S. L.},
journal = {Annu. Rev. Fluid Mech.},
pages = {183--203},
title = {{Friction drag reduction of external flows with bubble and gas injection}},
volume = {42},
year = {2010}
}
@article{Murai2014,
author = {Murai, Y.},
journal = {Exp. Fluids},
number = {7},
title = {{Frictional drag reduction by bubble injection}},
volume = {55},
year = {2014},
pages={1773}
}
% review article SH surfaces
@article{Li2007,
author = {Li, X. and Reinhoudt, D. and {Crego-Calama}, M},
journal = {Chem. Soc. Rev.},
pages = {1350-1368},
title = {{What do we need for a superhydrophobic surface? A review on the recent progress in the preparation of superhydrophobic surfaces}},
volume = {36},
year = {2007}
}
%introduction size of SH surfaces rough for bigger ones
@article{Hokmabad2016,
author = {Hokmabad, B. V. and Ghaemi, S.},
journal = {Phys. Fluids},
pages = {015112},
title = {{Turbulent flow over wetted and non-wetted superhydrophobic counterparts with random structure}},
volume = {28},
number={1},
year = {2016}
}

%introduction third lengthscale turbulent SH DR
@article{Daniello2009,
author = {Daniello, R. J. and Waterhouse, N. E. and Rothstein, J. P.},
journal = {Phys. Fluids},
number = {8},
pages = {085103},
title = {{Drag reduction in turbulent flows over superhydrophobic surfaces}},
volume = {21},
year = {2009}
}

@article{Park2013,
author = {Park, H. and Park, H. and Kim, J.},
journal = {Phys. Fluids},
number = {25},
pages = {110815},
title = {A numerical study of the effects of superhydrophobic surface on skin-friction drag in turbulent channel flow},
volume = {25},
year = {2013}
}

@article{Bidkar2014,
	Author = {Bidkar, R. A. and Leblanc, L. and Kulkarni, A. J. and Bahadur, V. and Ceccio, S. L. and Perlin, M.},
	Journal = {Phys. Fluids},
	volume = {26},
  number = {8},
	Pages = {085108},
	Title = {Skin-friction drag reduction in the turbulent regime using random-textured hydrophobic surfaces},
	Year = {2014}
	}

%introduction water channel and towing tank
@article{Ling2016,
author = {Ling, H. and Srinivasan, S. and Golovin, K. and Mckinley, G. H. and Tuteja, A. and Katz, J. },
journal = {J. Fluid Mech.},
pages = {670--703},
title = {{High-resolution velocity measurement in the inner part of turbulent boundary layers over super-hydrophobic surfaces}},
volume = {801},
year = {2016}
}
@article{Aljallis2013,
author = {Aljallis, E. and Sarshar, M. A. and Datla, R. and Sikka, V. and Jones, A. and Choi, C.},
journal = {Phys. Fluids},
number = {2},
pages = {025103},
title = {{Experimental study of skin friction drag reduction on superhydrophobic flat plates in high Reynolds number boundary layer flow}},
volume = {25},
year = {2013}
}
%Spraycoating
@article{Srinivasan2011,
author = "Srinivasan, S. and Chhatre, S. S. and Mabry, J. M. and Cohen, R. E. and McKinley, G. H.",
title = "Solution spraying of poly(methyl methacrylate) blends to fabricate microtextured, superoleophobic surfaces",
journal = "Polymer",
volume = "52",
number = "14",
pages = "3209-3218",
year = "2011",
}

%introduction TC superhydrophobic
@article{Greidanus2011,
author = {Greidanus, A. J. and Delfos, R. and Westerweel, J.},
journal = {J. Phys. Conf. Ser.},
number = {8},
pages = {082016},
title = {{Drag reduction by surface treatment in turbulent Taylor--Couette flow}},
volume = {318},
year = {2011}
}
@article{Srinivasan2015,
author = {Srinivasan, S. and Kleingartner, J. A. and Gilbert, J. B. and Cohen, R. E. and Milne, A. J. B. and McKinley, G. H.},
journal = {Phys. Rev. Lett.},
pages = {014501},
title = {{Sustainable drag reduction in turbulent Taylor--Couette flows by depositing sprayable superhydrophobic surfaces}},
volume = {114},
year = {2015}
}
@article{Saranadhi2016,
author = {Saranadhi, D. and Chen, D. and Kleingartner, J. A. and Srinivasan, S. and Cohen, R. E. and McKinley, G. H.},
journal = {Sci. Adv.},
number = {10},
title = {{Sustained drag reduction in a turbulent flow using a low-temperature Leidenfrost surface}},
volume = {2},
year = {2016},
pages = {e1600686}
}
%Introduction plastron

@article{Panchanathan2018,
author = {Panchanathan, D. and Rajappan, A. and Varanasi, K. K. and {McKinley, G. H.}},
title = {{Plastron Regeneration on Submerged Superhydrophobic Surfaces Using In Situ Gas Generation by Chemical Reaction}},
journal = {ACS Appl. Mater. Interfaces},
volume = {10},
number = {39},
pages = {33684--33692},
year = {2018}
}

@article{Lv2014,
title = {Metastable States and Wetting Transition of Submerged Superhydrophobic Structures},
author = {Lv, P. and Xue, Y. and Shi, Y. and Lin, H. and Duan, H.},
journal = {Phys. Rev. Lett.},
volume = {112},
pages = {196101},
year = {2014}
}

@article{Xiang2016,
author = {Xiang, Y. and Xue, Y. and Lv, P. and Li, D. and Duan, H.},
journal = {Soft Matter},
pages = {4241--4246},
title = {{Influence of fluid flow on the stability and wetting transition of submerged superhydrophobic surfaces}},
volume = {12},
issue={18},
year = {2016}
}

@article{Xiang2017,
title = {{Ultimate Stable Underwater Superhydrophobic State}},
author = {Xiang, Y. and Huang, S. and Lv, P. and Xue, Y. and Su, Qiang. and Duan, H.},
journal = {Phys. Rev. Lett.},
volume = {119},
pages = {134501},
year = {2017}
}

@article{Hokmabad2017,
author = {Hokmabad, B .V. and Ghaemi ,S.},
journal = {Sci. Rep.},
pages = {41448},
title = {{Effect of Flow and Particle-Plastron Collicion on the Longevity of Superhydrophobicity}},
volume = {7},
year = {2017}
}

@article{Reholon2018,
author = {Reholon, D. and Ghaemi, S.},
journal = {Phys. Rev. Fluids},
pages = {104003},
title = {{Plastron morphology and drag of a superhydrophobic surface in turbulent regime}},
volume = {3},
year = {2018}
}


%introduction TC ridges hydrophobic
@article{Rosenberg2016,
author = {Rosenberg, B. J. and {Van Buren}, T.  and Fu, M. K. and Smits, A. J.},
journal = {Phys. Fluids},
number = {1},
title = {{Turbulent drag reduction over air- and liquid- impregnated surfaces}},
volume = {28},
year = {2016},
pages={015103}
}

@article{vanBuren2017,
author = {{Van Buren}, T. and Smits, A. J.},
journal = {J. Fluid Mech.},
title = {{Substantial drag reduction in turbulent flows using liquid-infused surfaces}},
volume = {827},
year = {2017},
pages={448--456}
}

%introduction feature size DNS
@article{Martell2009,
author = {Martell, M. B. and Perot, J. B. and Rothstein, J. P.},
journal = {J. Fluid Mech.},
title = {Direct numerical simulations of turbulent flows over superhydrophobic surfaces},
volume = {620},
year = {2009},
pages={31--41}
}

%introduction TC is closed
@article{Grossmann2016,
author = {Grossmann, S. and Lohse, D. and Sun, C.},
journal = {Annu. Rev. Fluid Mech.},
title = {{High--Reynolds Number Taylor--Couette Turbulence}},
volume = {48},
year = {2016},
pages={53--80}
}
%introduction TC with roughness
@article{Zhu2018,
author = {Zhu, X. and Verschoof, R. A. and Bakhuis, D. and Huisman, S. G. and Verzicco, R. and Sun, C. and Lohse, D.},
journal = {Nat. Phy.},
title = {{Wall roughness induces asymptotic ultimate turbulence}},
year = {2018},
Pages = {417--423},
Volume = {14}
}
@article{vandenBerg2003,
author = {van den Berg, T. H. and Doering, C. R. and Lohse, D. and Lathrop, D. P.},
journal = {Phys. Rev. E},
pages = {036307},
title = {{Smooth and rough boundaries in turbulent Taylor--Couette flow}},
volume = {68},
number={3},
year = {2003}
}
@article{Cadot1997,
author = {Cadot, O. and Couder, Y. and Daerr, A. and Douady, S. and Tsinober, A},
journal = {Phys. Rev. E},
number = {1},
pages = {427--433},
title = {{Energy injection in closed turbulent flows: Stirring through boundary layers versus inertial stirring}},
volume = {56},
year = {1997}
}
% experimental method u_tau
%Ruben suggested this one, Huisman also uses it, but I can't really it, so I use Huisman's logarithmic BL paper instead
@article{vanGils2011PRL,
  title = {Torque Scaling in Turbulent Taylor--Couette Flow with Co- and Counterrotating Cylinders},
  author = {Van Gils, Dennis P. M. and Huisman, Sander G. and Bruggert, Gert-Wim and Sun, Chao and Lohse, Detlef},
  journal = {Phys. Rev. Lett.},
  volume = {106},
  pages = {024502},
  year = {2011},
}
@article{hui13,
	Author = {S. G. Huisman and S. Scharnowski and C. Cierpka and C. J. K\"ahler and D. Lohse and C. Sun},
	Journal = {Phys. Rev. Lett.},
	Pages = {264501},
	Title = {Logarithmic boundary layers in strong {{Taylor--Couette}} turbulence},
	Volume = {110},
	Year = {2013}}
%Silvery glow section
@article{Park2015,
author = {Park, S. and Lee, S. and Moreira, D. and Bandaru, P. R. and Han, I. and Yun, D.},
journal = {Sci. Rep.},
pages = {15430},
title = {{Bioinspired superhydrophobic surfaces, fabricated through simple and scalable roll-to-roll processing}},
volume = {5},
year = {2015}
}
@article{Dong2013,
author = {Dong, H. and Cheng, M. and Zhang, Y. and Wei, H. and Shi, F.},
journal = {J. Mater. Chem. A},
pages = {5886-5891},
title = {{Extraordinary Drag-Reducing Effect of a Superhydrophobic Coating on a Macroscopic Model Ship at High Speed}},
volume = {1},
issue={19},
year = {2013}
}
@article{Park2014,
author = {Park, H. and Sun, G. and Kim, C.},
journal = {J. Fluid Mech.},
pages = {722--734},
title = {{Superhydrophobic turbulent drag reduction as a function of surface grating parameters}},
volume = {747},
year = {2014}
}
@article{Poetes2010,
author = {Poetes, R. and Holtzmann, K. and Franze, K. and Steiner, U.},
journal = {Phys. Rev. Lett.},
pages = {166104},
title = {{Metastable underwater superhydrophobicity}},
volume = {105},
year = {2010}
}
@book{Pope,
place={Cambridge},
title={Turbulent Flows},
DOI={10.1017/CBO9780511840531},
publisher={Cambridge University Press},
author={Pope, S. B.},
year={2000}}

@article{Shirtcliffe2006,
author = {Shirtcliffe, N. J. and McHale, G. and Newton, M. I. and Perry, C. C. and Pyatt, F. B.},
journal = {Appl. Phys. Lett.},
pages = {104106},
title = {{Plastron properties of a superhydrophobic surface}},
volume = {89},
number={10},
year = {2006}
}
@article{McHale2009,
author = {{McHale}, G. and Shirtcliffe, N. J. and Evans, C. R. and Newton, M. I.},
journal = {Appl. Phys. Lett.},
pages = {064104},
title = {{Terminal velocity and drag reduction measurements on superhydrophobic spheres Terminal velocity and drag reduction measurements on superhydrophobic}},
volume = {94},
number={6},
year = {2009}
}
@article{Mchale2011,
author = {{McHale}, G. and Flynn, M. R. and Newton, M. I.},
journal = {Soft Matter},
pages = {10100--10107},
title = {{Plastron induced drag reduction and increased slip on a superhydrophobic}},
volume = {7},
issue={11},
year = {2011}
}

@article{Spandan2018,
title={Physical mechanisms governing drag reduction in turbulent {Taylor--Couette} flow with finite-size deformable bubbles},
volume={849},
journal={J. Fluid Mech.},
author={Spandan, V. and Verzicco, R. and Lohse, D.},
year={2018},
pages={R3}
}

%introduction Roughness
@article{Busse2017,
author = {Busse, A. and Thakkar, M. and Sandham, N. D.},
journal = {J. Fluid Mech.},
pages = {196--224},
title = {{Reynolds-number dependence of the near-wall flow over irregular rough surfaces}},
volume = {810},
year = {2017}
}

@article{Flack2010,
author = {Flack, K. A. and Schultz, M. P.},
journal = {J. Fluids Eng.},
pages = {0412301},
title = {{Review of Hydraulic Roughness Scales in the Fully Rough Regime}},
volume = {132},
year = {2010}
}
@article{Jimenez2004,
author = {Jim\'{e}nez, J.},
journal = {Annu. Rev. Fluid Mech.},
pages = {173--196},
title = {{Turbulent Flows over Rough Walls}},
volume = {36},
year = {2004}
}
@article{Flack2012,
author = {Flack, K. A. and Schultz, M. P and Rose, W. B.},
journal = {Int. J. Heat Fluid Flow},
pages = {160--17},
title = {{The onset of roughness effects in the transitionally rough regime}},
volume = {35},
year = {2012}
}
@article{MacDonald2016,
author = {MacDonald, M. and Chan, L. and Chung, D. and Hutchins, N. and Ooi, A.},
journal = {J. Fluid Mech.},
pages = {130--161},
title = {{Turbulent flow over transitionally rough surfaces with varying roughness densities}},
volume = {804},
year = {2016}
}

@article{Gose2018,
 title={Characterization of superhydrophobic surfaces for drag reduction in turbulent flow},
 volume={845},
 journal={Journal of Fluid Mechanics},
author={Gose, J. W. and Golovin, K. and Boban, M. and Mabry, J. M. and Tuteja, A. and Perlin, M. and Ceccio, S. L.},
year={2018},
pages={560--580}
}
@ARTICLE{Nikuradse1933,
    author = {Nikuradse, J.},
    title = {Str\"{o}mungsgesetze in rauhen rohren},
    journal = {VDI Forschungsheft},
    volume={361},
    year = {1933},
    note={(English translation: Laws of flow in rough pipes, NACA Technical Memorandum 1292 (1950))}
}

@Article{Moody1944,
author = {Moody, L. F.},
title = {{Friction Factors for Pipe Flow}},
journal = {Trans. ASME},
year = {1944},
volume = {66},
pages = {671--684}
}
@ARTICLE{vonKarman1930,
    title = {{Mechanische Anlichkeit und Turbulenz}},
    author = {von K\'{a}rm\'{a}n, Th.},
     journal = {{Nachrichten von der Gezsellschaft der Wissenschaften zu G\"{o}ttingen, Fachgruppe 1, Mathematik}},
    volume={5},
    year = {1930},
    pages={58--76},
    note={(English translation: Mechanical Similitude and Turbulence, NACA Technical Memorandum 611 (1931))}
}

@ARTICLE{Prandtl1933,
    author = {Prandtl, L.},
    title = {{Neuere Ergebnisse der Turbulenzforschung}},
    journal = {{Zeitschift des Vereines deutscher Ingenieure}},
    volume={7},
    issue={11},
    year = {1933},
    pages={105--114},
    note={(English translation: Recent Results of Turbulence Research, NACA Technical Memorandum 720 (1933))}
}

@article{Berghout2018,
	author = {Berghout, P. and Zhu, X. and Chung, D. and Verzicco, R. and Stevens, R. J. A. M. and Lohse, D.},
	title = {Direct Numerical Simulations of {Taylor--Couette turbulence}: the effect of sand grain roughness},
	volume={873},
	journal={J. Fluid Mech.},
	year={2019},
	pages={260-–286}
}

@article{Sugiyama2008,
author = {Sugiyama, K. and Calzavarini, E. and Lohse, D.},
journal = {J. Fluid Mech.},
pages = {21--41},
title = {{Microbubbly drag reduction in Taylor--Couette flow in the wavy vortex regime}},
volume = {608},
year = {2008}
}

@article{Lohse2018,
  title = {{Bubble puzzles: From fundamentals to applications}},
  author = {Lohse, D.},
  journal = {Phys. Rev. Fluids},
  volume = {3},
  issue = {11},
  pages = {110504},
  year = {2018},
}

@article{Rastegari2018,
author = {Rastegari, A. and Akhavan, R.},
journal = {J. Fluid Mech.},
pages = {68--104},
title = {{The common mechanism of turbulent skin-friction drag reduction with superhydrophobic longitudinal microgrooves and riblets}},
volume = {838},
year = {2018}
}

@article{Gao2006,
author = {Gao, L. and McCarthy, T. M.},
title = {{Contact Angle Hysteresis Explained}},
journal = {Langmuir},
volume = {22},
pages = {6234--6237},
year = {2006},
}

@article{Kim2017,
author = {Kim, J. and Lee, J. S.},
title = {{Surface-wettability-induced sliding bubble dynamics and its effects on convective heat transfer}},
journal = {Appl. Therm. Eng.},
volume = {113},
pages = {639--652},
year = {2017},
}

@article{Kitagawa2019,
author = {Kitagawa, A. and Denissenko, P. and Murai, Y.},
title = {{Behavior of bubbles moving along horizontal flat plates with different surface wettability}},
journal = {Exp. Therm. Fluid Sci.},
volume = {104},
pages = {141--152},
year = {2019},
}

@article{Gobel1997,
title = "Dynamic Interfacial Tensions of Aqueous Triton X-100 Solutions in Contact with Air, Cyclohexane,n-Heptane, andn-Hexadecane",
journal = "J Colloid Iterf. Sci.",
volume = "191",
number = "1",
pages = "30--37",
year = "1997",
author = {G\"{o}bel, J. G. and Joppien, G. R.},
}

@article{Du2017,
title = "Maintenance of air layer and drag reduction on superhydrophobic surface",
journal = "Ocean Eng.",
volume = "130",
pages = "328--335",
year = "2017",
author = "Peng Du and Jun Wen and Zhaozhu Zhang and Dong Song and A. Ouahsine and Haibao Hu",
}

@Article{Verschoof2018EPJE,
author="Verschoof, R. A. and Zhu, X. and Bakhuis, D. and Huisman, S. G. and Verzicco, R. and Sun, C. and Lohse, D.",
title="{Rough-wall turbulent Taylor--Couette flow: The effect of the rib height}",
journal="Eur. Phys. J. E",
year="2018",
volume="41",
number="10",
pages="125",
}
