@Article{ mar99,
	author = "J. Marshall and F. Schott",
	title = "Open-ocean convection: Observations, theory, and models",
	journal = "Rev. Geophys.",
	year = "1999",
	volume = "37",
	pages = "1--64"
}

@Article{ chi12,
	author = "F. Chill{\`{a}} and J. Schumacher",
	title = "{New perspectives in turbulent Rayleigh-B{\'{e}}nard convection}",
	journal = "Eur. Phys. J. E",
	number = "7",
	volume = "35",
	year = "2012"
}

@Article{ wir06,
	author = "A. Wirth and B. Barnier",
	title = "Tilted convective plumes in numerical experiments",
	journal = "Ocean Modelling",
	year = "2006",
	volume = "12",
	pages = "101--111"
}

@Article{ mck74,
	author = "D. P. McKenzie and J. M. Roberts and N. O. Weiss",
	title = "Convection in the {{E}}arth's mantle: towards a numerical simulation",
	journal = "J. Fluid Mech.",
	year = "1974",
	volume = "62",
	pages = "465--538"
}

@Article{ gla95,
	author = "G. A. Glatzmaier and P. H. Roberts",
	title = "A 3-dimensional self-consistent computer simulation of a geomagnetic field reversal",
	journal = "Nature",
	year = "1995",
	volume = "377",
	pages = "203--209"
}

@Article{ spi71,
	author = "E. A. Spiegel",
	title = "Convection in stars",
	journal = "Ann. Rev. Astron. Astrophys.",
	year = "1971",
	volume = "9",
	pages = "323--352"
}

@Article{ cat03,
	author = "F. Cattaneo and T. Emonet and N. Weiss",
	title = "On the interaction between convection and magnetic fields",
	journal = "Astrophys. J.",
	year = "2003",
	volume = "588",
	pages = "1183--1198"
}

@Article{ nor77,
	author = "C. Normand and Y. Pomeau and M. H. Velarde",
	title = "Convective instability: a {physicist's} approach",
	journal = "Rev. Mod. Phy.",
	year = "1977",
	volume = "49",
	pages = "465--538"
}

@Article{ ahl09,
	author = "G. Ahlers and S. Grossmann and D. Lohse",
	title = "Heat transfer and large scale dynamics in turbulent {{{{Rayleigh-B{\'e}nard}}}} convection",
	journal = "Rev. Mod. Phys.",
	year = "2009",
	volume = "81",
	pages = "503--537"
}

@Article{ loh10,
	author = "D. Lohse and K.-Q. Xia",
	title = "Small-scale properties of turbulent {{Rayleigh-B{\'e}nard}} convection",
	journal = "Ann. Rev. Fluid Mech.",
	year = "2010",
	volume = "42",
	pages = "335--364"
}

@Article{ mar12,
	author = "S. Marcq and J. Weiss",
	title = "Influence of sea ice lead-width distribution on turbulent heat transfer between the ocean and the atmosphere",
	journal = "Cryosphere",
	year = "2012",
	volume = "6",
	pages = "143--156"
}

@Article{ len05,
	author = "A. Lenardic and L. N. Moresi and M. A. Jellinek and M. Manga",
	title = "Continental insulation, mantle cooling and the surface area of oceans and continents",
	journal = "Earth and Planetary Science Letters",
	year = "2005",
	volume = "234",
	pages = "317--333"
}

@article{ zhao14,
	title = "{Strong contributions of local background climate to urban heat islands}",
	author = "L. Zhao and X. Lee and R. B. Smith and K. Oleson",
	journal = "Nature",
	pages = "216--219",
	volume = "511",
	year = "2014"
}

@Article{ joh07,
	author = "H. Johnston and C. R. Doering",
	title = "{{{{Rayleigh-B{\'e}nard}}}} convection with imposed heat flux",
	journal = "Chaos",
	year = "2007",
	volume = "17",
	pages = "041103"
}

@Article{ joh09,
	author = "H. Johnston and C. R. Doering",
	title = "Comparison of Turbulent Thermal Convection between Conditions of Constant Temperature and Constant Flux",
	journal = "Phys. Rev. Lett.",
	volume = "102",
	pages = "064501",
	year = "2009"
}

@Article{ ste11,
	author = "R. J. A. M. Stevens and D. Lohse and R. Verzicco",
	title = "Prandtl and {{Rayleigh}} number dependence of heat transport in high {{Rayleigh}} number thermal convection",
	journal = "J. Fluid Mech.",
	year = "2011",
	volume = "688",
	pages = "31--43"
}

@Article{ ver04,
	author = "R. Verzicco",
	title = "Effect of non-perfect thermal sources in turbulent thermal convection",
	journal = "Phys. Fluids",
	year = "2004",
	volume = "16",
	pages = "1965--1979"
}

@Article{ kel78,
	author = "R. E. Kelly and D. Pal",
	title = "Thermal convection with spatially periodic boundary conditions:resonant wavelength excitation",
	journal = "J. Fluid Mech.",
	year = "1978",
	volume = "86",
	pages = "433--456"
}

@Article{ yoo91,
	author = "J. S. Yoo and U. Moon",
	title = "Two-dimensional convection in a horizontal fluid layer with spatially periodic boundary temperatures",
	journal = "Fluid Dyn. Res.",
	year = "1991",
	volume = "7",
	pages = "181--200"
}

@Article{ jin08,
	author = "X.-L. Jin and K.-Q. Xia",
	title = "An experimental study of kicked thermal turbulence",
	journal = "J. Fluid Mech.",
	year = "2008",
	volume = "606",
	pages = "131--151"
}

@Article{ rip14,
	author = "P. Ripesi and L. Bigerale and M. Sbragaglia and A. Wirth",
	title = "Natural convection with mixed insulating and conducting boundary conditions: low- and high-Rayleigh-number regimes",
	journal = "J. Fluid Mech.",
	year = "2014",
	volume = "742",
	pages = "636--663"
}

@Article{ ver96,
	author = "R. Verzicco and P. Orlandi",
	year = "1996",
	title = "A finite-difference scheme for three-dimensional incompressible flow in cylindrical coordinates",
	journal = "J. Comput. Phys.",
	volume = "123",
	pages = "402--413"
}

@Article{ poe15,
	title = "A pencil distributed finite difference code for strongly turbulent wall-bounded flows",
	author = "E. P. van der Poel and R. Ostilla-Monico and J. Donners and R. Verzicco",
	journal = "Comp. Fluids",
	volume = "116",
	pages = "10--16",
	year = "2015"
}

@Article{ ste10,
	author = "R. J. A. M. Stevens and R. Verzicco and D. Lohse",
	title = "Radial boundary layer structure and {{Nusselt}} number in {{Rayleigh-B{\'e}nard}} convection",
	journal = "J. Fluid Mech.",
	year = "2010",
	volume = "643",
	pages = "495--507"
}

@Article{ shr90,
	author = "B. I. Shraiman and E. D. Siggia",
	title = "Heat transport in high-{{Rayleigh}} number convection",
	journal = "Phys. Rev. A",
	year = "1990",
	volume = "42",
	pages = "3650--3653"
}

@Article{ poe14,
	title = "Effect of velocity boundary conditions on the heat transfer and flow topology in two-dimensional Rayleigh-B\'{e}nard convection",
	journal = "Phys. Rev. E",
	author = "E. P. van der Poel and R. Ostilla-M\'{o}nico and R. Verzicco and D. Lohse",
	year = "2014",
	volume = "90",
	pages = "013017"
}

@Article{ tis11,
	author = "J. C. Tisserand and M. Creyssels and Y. Gasteuil and H. Pabiou and M. Gibert and B. Castating and F. Chilla",
	title = "Comparison between rough and smooth plates within the same {{{Rayleigh-B\'enard}}} cell",
	journal = "Phys. Fluids",
	year = "2011",
	volume = "23",
	pages = "015105"
}

@Article{ wang17,
	author = "F. Wang and S.-D. Huang and K.-Q. Xia",
	title = "Thermal convection with mixed thermal boundary conditions: Effects of insulating lids at the top",
	journal = "J. Fluid Mech.",
	year = "2017",
	volume = "in press (2017)",
	pages = "arXiv 1702.04105"
}

@Article{ huang17,
	author = "S.-D. Huang and F. Wang and H.-D Xi and K.-Q. Xia",
	title = "Comparative Experimental Study of Fixed Temperature and Fixed Heat Flux Boundary Conditions in Turbulent Thermal Convection",
	journal = "Phys. Rev. Lett.",
	volume = "115",
	pages = "154502",
	year = "2015"
}

@article{ ostilla17, 
    title={Mixed thermal conditions in convection: how do continents affect the mantle’s circulation?},
    volume={822},
    DOI={10.1017/jfm.2017.247},
    journal={Journal of Fluid Mechanics},
    publisher={Cambridge University Press},
    author={R. Ostilla-Mónico},
    year={2017},
    pages={1–4}
}

@Article{ cooper13,
	author = "C. M. Cooper and L. N. Moresi and A. Lenardic",
	title = "Effects of continental configuration on mantle heat loss",
	journal = "Geoph. Res. Lett.",
	year = "2013",
	volume = "40",
	number = "12",
	pages = "2647-2651"
}

@Article{ whitehead15,
	author = "J. A. Whitehead and M. D. Behn",
	title = "The continental drift convection cell",
	journal = "Geoph. Res. Lett.",
	year = "2015",
	volume = "42",
	number = "12",
	pages = "2015GL064480"
}

