@article{Almeras2017,
	Author = {Elise Alm\'eras and Varghese Mathai and Detlef Lohse and Chao Sun},
	Journal = {J. Fluid Mech.},
	Pages = {1091-1112},
	Title = {Experimental investigation of the turbulence induced by a bubble swarm rising within incident turbulence},
	Volume = {825},
	Year = {2017}}

@article{Bragg2015,
	Author = {Bragg, Andrew D. and Ireland, Peter J. and Collins, Lance R.},
	Journal = {Physical Review E},
	Number = {2},
	Title = {Mechanisms for the clustering of inertial particles in the inertial range of isotropic turbulence},
	Volume = {92},
	Year = {2015}}

@article{Colin2012,
	Author = {Catherine Colin and Jean Fabre and Arjan Kamp},
	Journal = {J. Fluid Mech.},
	Pages = {469--515},
	Title = {Turbulent bubbly flow in pipe under gravity and microgravity conditions},
	Volume = {711},
	Year = {2012}}

@article{Costa2016,
	Author = {Pedro Costa and Francesco Picano and Luca Brandt and Wim-Paul Breugem},
	Journal = {Phys. Rev. Lett.},
	Pages = {134501},
	Title = {Universal Scaling Laws for Dense Particle Suspensions in Turbulent Wall-Bounded Flows},
	Volume = {117},
	Year = {2016}}

@article{Dabiri2013,
	Author = {Sadegh Dabiri and Jiacai Lu and Gretar Tryggvason},
	Journal = {Phys. Fluids},
	Pages = {102110},
	Title = {Transition between regimes of a vertical channel bubbly upflow due to bubble deformability},
	Volume = {25},
	Year = {2013}}

@article{Eckhardt2007,
	Author = {Bruno Eckhardt and Siegfried Grossmann and Detlef Lohse},
	Journal = {J. Fluid Mech.},
	Pages = {221--250},
	Title = {Torque scaling in turbulent {Taylor--Couette} flow between independently rotating cylinders},
	Volume = {581},
	Year = {2007}}

@article{Einstein1906,
	Author = {Albert Einstein},
	Journal = {Ann. d. Phys.},
	Number = {2},
	Pages = {289--306},
	Title = {{Eine neue Bestimmung der Molek{\"u}ldimensionen}},
	Volume = {324},
	Year = {1906}}

@article{Elghobashi1994,
	Author = {S. Elghobashi},
	Journal = {Appl. Sci. Res.},
	Number = {4},
	Pages = {309--329},
	Title = {On predicting particle-laden turbulent flows},
	Volume = {52},
	Year = {1994}}

@article{Fardin2014,
	Author = {M. A. Fardin and C. Perge and N. Taberlet},
	Journal = {Soft Matter},
	Pages = {3523--3535},
	Title = {{``}{The} hydrogen atom of fluid dynamics{``} - introduction to the {Taylor--Couette} flow for soft matter scientists},
	Volume = {10},
	Year = {2014}}

@article{Fiabane_2012,
	Author = {Fiabane, L. and Zimmermann, R. and Volk, R. and Pinton, J.-F. and Bourgoin, M.},
	Journal = {Physical Review E},
	Number = {3},
	Title = {Clustering of finite-size particles in turbulence},
	Volume = {86},
	Year = {2012}}

@book{Fornari2017,
	Author = {Walter Fornari and Hamid Tabaei Kazerooni and Jeanette Hussong and Luca Brandt},
	Publisher = {Journal of Fluid Mechanics},
	Title = {Suspensions of finite-size neutrally buoyant spheres in turbulent duct flow},
	Year = {2017}}

@article{Fujiwara2004,
	Author = {Akiko Fujiwara and Daijyu Minato and Koichi Hishida},
	Journal = {Int. J. Heat Fluid Fl.},
	Number = {3},
	Pages = {481--488},
	Title = {Effect of bubble diameter on modification of turbulence in an upward pipe flow},
	Volume = {25},
	Year = {2004}}

@book{Glycerine1963,
	Author = {{Glycerine Producers' Association}},
	Publisher = {{Glycerine Producers' Association}},
	Title = {Physical properties of glycerine and its solutions},
	Year = {1963}}

@article{Gore1989,
	Author = {R. A. Gore and Clayton T. Crowe},
	Journal = {Int. J. Multiphase Flow},
	Number = {2},
	Pages = {279--285},
	Title = {Effect of particle size on modulating turbulent intensity},
	Volume = {15},
	Year = {1989}}

@article{Grossmann2016,
	Author = {Siegfried Grossmann and Detlef Lohse and Chao Sun},
	Journal = {Annu. Rev. Fluid Mech.},
	Pages = {53-80},
	Title = {{High--Reynolds Number Taylor--Couette Turbulence}},
	Volume = {48},
	Year = {2016}}

@article{Huisman2012,
	Author = {Sander G. Huisman and Dennis P.M. {van Gils} and Chao Sun},
	Journal = {Eur. J. Mech. B-Fluids},
	Pages = {115--119},
	Title = {{Applying laser Doppler anemometry inside a Taylor-Couette geometry using a ray-tracer to correct for curvature effects}},
	Volume = {36},
	Year = {2012}}

@article{Huisman2014,
	Author = {Sander G. Huisman and Roeland C.A. van der Veen and Chao Sun and Detlef Lohse},
	Journal = {Nat. Comm.},
	Pages = {3820},
	Title = {Multiple states in highly turbulent {Taylor--Couette} flow},
	Volume = {5},
	Year = {2014}}

@article{Kazerooni2017,
	Author = {Kazerooni, H. Tabaei and Fornari, W. and Hussong, J. and Brandt, L.},
	Journal = {Phys. Fluids},
	Pages = {084301},
	Title = {Inertial migration in dilute and semidilute suspensions of rigid particles in laminar square duct flow},
	Volume = {2},
	Year = {2017}}


@article{Kidanemariam2013,
	Author = {Aman G. Kidanemariam and Clemens {Chan-Braun} and Todor Doychev and Markus Uhlmann},
	Journal = {New J. Phys.},
	Pages = {025031},
	Title = {Direct numerical simulation of horizontal open channel flow with finite-size, heavy particles at low solid volume fraction},
	Volume = {15},
	Year = {2013}}

@article{Kulick1994,
	Author = {Jonathan D. Kulick and John R. Fessler and John K. Eaton},
	Journal = {J. Fluid Mech.},
	Pages = {109--134},
	Title = {Particle response and turbulence modification in fully developed channel flow},
	Volume = {277},
	Year = {1994}}

@article{Lashgari2014,
	Author = {Iman Lashgari and Francesco Picano and Wim-Paul Breugem and Luca Brandt},
	Journal = {Phys. Rev. Lett.},
	Pages = {254502},
	Title = {Laminar, turbulent, and inertial shear-thickening regimes in channel flow of neutrally buoyant particle suspensions},
	Volume = {113},
	Year = {2014}}

@article{Lathrop1992,
	Author = {Daniel P. Lathrop and Jay Fineberg and Harry L. Swinney},
	Journal = {Phys. Rev. Lett.},
	Pages = {1515},
	Title = {{Turbulent flow between concentric rotating cylinders at large Reynolds number}},
	Volume = {68},
	Year = {1992}}

@article{Lewis1999,
	Author = {Gregory S. Lewis and Harry L. Swinney},
	Journal = {Phys. Rev. E},
	Pages = {5457},
	Title = {{Velocity structure functions, scaling, and transitions in high-Reynolds-number Couette-Taylor flow}},
	Volume = {59},
	Year = {1999}}

@article{Liu1993,
	Author = {T. J. Liu and S. G. Bankoff},
	Journal = {Int. J. Heat Mass Tran.},
	Number = {4},
	Pages = {1049--1060},
	Title = {Structure of air-water bubbly flow in a vertical pipe---I. Liquid mean velocity and turbulence measurements},
	Volume = {36},
	Year = {1993}}

@article{Lohse2008,
	Author = {Detlef Lohse},
	Journal = {Physics},
	Pages = {18},
	Title = {Particles go with the flow},
	Volume = {1},
	Year = {2008}}

@article{Lu2005,
	Author = {Jiacai Lu and Arturo Fern{\'a}ndez and Gretar Tryggvason},
	Journal = {Phys. Fluids},
	Pages = {095102},
	Title = {The effect of bubbles on the wall drag in a turbulent channel flow},
	Volume = {17},
	Year = {2005}}

@article{Machicoane2016,
	Author = {Machicoane, Nathana{\"e}l and Volk, Romain},
	Journal = {Physics of Fluids},
	Pages = {035113},
	Title = {Lagrangian velocity and acceleration correlations of large inertial particles in a closed turbulent flow},
	Volume = {28},
	Year = {2016}}

@article{Maryami2014,
	Author = {R. Maryami and S. Farahat and M. {Javad poor} and M. H. {Shafiei Mayam}},
	Journal = {Fluid Dyn. Res.},
	Number = {5},
	Pages = {055504},
	Title = {{Bubbly drag reduction in a vertical Couette--Taylor system with superimposed axial flow}},
	Volume = {46},
	Year = {2014}}

@article{Mathai2015,
	Author = {Varghese Mathai and Vivek N. Prakash and Jon Brons and Chao Sun and Detlef Lohse},
	Journal = {Phys. Rev. Lett.},
	Pages = {124501},
	Title = {Wake-driven dynamics of finite-sized buoyant spheres in turbulence},
	Volume = {115},
	Year = {2015}}

@article{Mathai2016,
	Author = {Varghese Mathai and Enrico Calzavarini and Jon Brons and Chao Sun and Detlef Lohse},
	Journal = {Phys. Rev. Lett.},
	Pages = {024501},
	Title = {Microbubbles and Microparticles are Not Faithful Tracers of Turbulent Acceleration},
	Volume = {117},
	Year = {2016}}

@article{Mazzitelli2003,
	Author = {Irene M. Mazzitelli and Detlef Lohse and Federico Toschi},
	Journal = {Phys. Fluids},
	Pages = {L5},
	Title = {The effect of microbubbles on developed turbulence},
	Volume = {15},
	Year = {2003}}

@article{Muste1997,
	Author = {M. Muste and V. C. Patel},
	Journal = {J. Hydraul. Eng.},
	Number = {9},
	Pages = {742--751},
	Title = {Velocity profiles for particles and liquid in open-channel flow with suspended sediment},
	Volume = {123},
	Year = {1997}}

@article{Naso2010,
	Author = {Aurore Naso and Andrea Prosperetti},
	Journal = {New J. Phys.},
	Pages = {033040},
	Title = {The interaction between a solid particle and a turbulent flow},
	Volume = {12},
	Year = {2010}}

@article{Ostilla-Monico2013,
	Author = {Rodolfo {Ostilla-M\'onico} and Richard J. A. M. Stevens and Siegfried Grossmann and Roberto Verzicco and Detleft Lohse},
	Journal = {J. Fluid Mech.},
	Pages = {14--46},
	Title = {{Optimal Taylor--Couette flow: direct numerical simulations}},
	Volume = {719},
	Year = {2013}}

@article{Pan1996,
	Author = {Y. Pan and S. Banerjee},
	Journal = {Phys. Fluids},
	Pages = {2733},
	Title = {Numerical simulation of particle interactions with wall turbulence},
	Volume = {8},
	Year = {1996}}

@article{Paoletti2011,
	Author = {M. S. Paoletti and Daniel P. Lathrop},
	Journal = {Phys. Rev. Lett.},
	Pages = {024501},
	Title = {Angular Momentum Transport in Turbulent Flow between Independently Rotating Cylinders},
	Volume = {106},
	Year = {2011}}

@phdthesis{Paris2001,
	Author = {Dana Anthony Paris},
	School = {Standford University},
	Title = {Turbulence attenuation in a particle-laden channel flow},
	Year = {2001}}

@article{Peskin2002,
	Author = {Charles S. Peskin},
	Journal = {Acta numer.},
	Pages = {479--517},
	Title = {The immersed boundary method},
	Volume = {11},
	Year = {2002}}

@article{Picano2015,
	Author = {Francesco Picano and Wim-Paul Breugem and Luca Brandt},
	Journal = {J. Fluid Mech.},
	Pages = {463--487},
	Title = {Turbulent channel flow of dense suspensions of neutrally buoyant spheres},
	Volume = {764},
	Year = {2015}}

@article{Prakash2012,
	Author = {Prakash, Vivek N and Tagawa, Yoshiyuki and Calzavarini, Enrico and Mercado, Juli{\'a}n Mart{\'\i}nez and Toschi, Federico and Lohse, Detlef and Sun, Chao},
	Journal = {New Journal of Physics},
	Pages = {105017},
	Title = {How gravity and size affect the acceleration statistics of bubbles in turbulence},
	Volume = {14},
	Year = {2012}}

@article{Roghair2011,
	Author = {Ivo Roghair and Juli{\'{a}}n Mart{\'{\i}}nez Mercado and Martin Van Sint Annaland and Hans Kuipers and Chao Sun and Detlef Lohse},
	Journal = {Int. J. Multiphase Flow},
	Number = {9},
	Pages = {1093--1098},
	Title = {Energy spectra and bubble velocity distributions in pseudo-turbulence: Numerical simulations vs. experiments},
	Volume = {37},
	Year = {2011}}

@article{Shawkat2008,
	Author = {M. E. Shawkat and C. Y. Ching and M. Shoukri},
	Journal = {Int. J. Multiphase Flow},
	Number = {8},
	Pages = {767--785},
	Title = {Bubble and liquid turbulence characteristics of bubbly flow in a large diameter vertical pipe},
	Volume = {34},
	Year = {2008}}

@article{So2002,
	Author = {S. So and H. Morikita and S. Takagi and Y. Matsumoto},
	Journal = {Exp. Fluids},
	Number = {1},
	Pages = {135--142},
	Title = {{Laser Doppler velocimetry measurement of turbulent bubbly channel flow}},
	Volume = {33},
	Year = {2002}}

@article{Stickel2005,
	Author = {Jonathan J. Stickel and Robert L. Powell},
	Journal = {Annu. Rev. Fluid Mech.},
	Pages = {129--149},
	Title = {Fluid mechanics and rheology of dense suspensions},
	Volume = {37},
	Year = {2005}}

@article{Sugiyama2008,
	Author = {Sugiyama,Kazuyasu and Calzavarini, Enrico and Lohse, Detlef},
	Journal = {J. Fluid Mech.},
	Pages = {21--41},
	Title = {Microbubbly drag reduction in Taylor--Couette flow in the wavy vortex regime},
	Volume = {608},
	Year = {2008}}

@article{Tagawa2013,
	Author = {Yoshiyuki Tagawa and Ivo Roghair and Vivek N. Prakash and Martin van Sint Annaland and Hans Kuipers and Chao Sun and Detlef Lohse},
	Journal = {J. Fluid Mech.},
	Title = {The clustering morphology of freely rising deformable bubbles},
	Volume = {721},
	Year = {2013}}

@article{Toschi2009,
	Author = {Federico Toschi and Eberhard Bodenschatz},
	Journal = {Annu. Rev. Fluid Mech.},
	Pages = {375-404},
	Title = {Lagrangian Properties of Particles in Turbulence},
	Volume = {41},
	Year = {2009}}

@article{Tsuji1984,
	Author = {Ytaka Tsuji and Yoshinobu Morikawa and Hiroshi Shiomi},
	Journal = {J. Fluid Mech.},
	Pages = {417--434},
	Title = {LDV measurements of an air-solid two-phase flow in a vertical pipe},
	Volume = {139},
	Year = {1984}}

@article{Uhlmann2008,
	Author = {Markus Uhlmann},
	Journal = {Phys. Fluids},
	Pages = {053305},
	Title = {Interface-resolved direct numerical simulation of vertical particulate channel flow in the turbulent regime},
	Volume = {20},
	Year = {2008}}

@article{Unverdi1992,
	Author = {Salih O. Unverdi and Gr\'etar Tryggvason},
	Journal = {J. Comput. Phys.},
	Number = {1},
	Pages = {25--37},
	Title = {A front-tracking method for viscous, incompressible, multi-fluid flows},
	Volume = {100},
	Year = {1992}}

@article{vandenBerg2005,
	Author = {Thomas H. {van den Berg} and Stefan Luther and Daniel P. Lathrop and Detlef Lohse},
	Journal = {Phys. Rev. Lett.},
	Pages = {044501},
	Title = {{Drag Reduction in Bubbly Taylor-Couette Turbulence}},
	Volume = {94},
	Year = {2005}}

@article{vandenBerg2007,
	Author = {Thomas H. {van den Berg} and Dennis P. M. {van Gils} and Daniel P. Lathrop and Detlef Lohse},
	Journal = {Phys. Rev. Lett.},
	Pages = {084501},
	Title = {Bubbly Turbulent Drag Reduction Is a Boundary Layer Effect},
	Volume = {98},
	Year = {2007}}

@article{vanGils2011,
	Author = {Dennis P.M. {van Gils} and Gert-Wim Bruggert and Daniel P. Lathrop and Chao Sun and Detlef Lohse},
	Journal = {Rev. Sci. Instr.},
	Pages = {025105},
	Title = {The {{Twente}} turbulent {{Taylor-Couette}} {{($T^3C$)}} facility: strongly turbulent (multi-phase) flow between independently rotating cylinders},
	Volume = {82},
	Year = {2011}}

@article{vanGils2013,
	Author = {Dennis P.M. {van Gils} and Daniela {Narezo Guzman} and Chao Sun and Detlef Lohse},
	Journal = {J. Fluid Mech.},
	Pages = {317--347},
	Title = {{The importance of bubble deformability for strong drag reduction in bubbly turbulent Taylor--Couette flow}},
	Volume = {722},
	Year = {2013}}

@article{Verschoof2016,
	Author = {Ruben A. Verschoof and Roeland C.A. {van der Veen} and Chao Sun and Detlef Lohse},
	Journal = {Phys. Rev. Lett.},
	Pages = {104502},
	Title = {Bubble Drag Reduction Requires Large Bubbles},
	Volume = {117},
	Year = {2016}}

@article{Vreman2015,
	Author = {Vreman, A. W.},
	Journal = {J. Fluid Mech.},
	Pages = {103--136},
	Title = {Turbulence attenuation in particle-laden flow in smooth and rough channels},
	Volume = {773},
	Year = {2015}}

@article{Wang2017b,
	Author = {Yayun Wang and Adam J. Sierakowski and Andrea Prosperetti},
	Journal = {J. Comput. Phys.},
	Pages = {638--656},
	Title = {Fully-resolved simulation of particulate flows with particles{\textendash}fluid heat transfer},
	Volume = {350},
	Year = {2017}}

@article{Zhao2010,
	Author = {L. H. Zhao and H. I. Andersson and J. J. J. Gillissen},
	Journal = {Phys. Fluids},
	Pages = {081702},
	Title = {Turbulence modulation and drag reduction by spherical particles},
	Volume = {22},
	Year = {2010}}


@article{White2008,
	Author = {White, Christopher M. and Mungal, M Godfrey},
	Journal = {Annu. Rev. Fluid Mech.},
	Pages = {235--256},
	Title = {Mechanics and Prediction of Turbulent Drag Reduction with Polymer Additives},
	Volume = {40},
	Year = {2008}}


@article{Murai2014,
	Author = {Murai, Yuichi},
	Journal = {Exp. Fluids},
	Number = {7},
	Pages = {1773},
	Title = {Frictional drag reduction by bubble injection},
	Volume = {55},
	Year = {2014}}


@article{Cisse2015,
	Author = {Cisse, M. and Saw, E.-W. and Gibert, M. and Bodenschatz, E. and Bec, J.},
	Journal = {Phys. Fluids},
	Pages = {061702},
	Title = {Turbulence attenuation by large neutrally buoyant particles},
	Volume = {27},
	Year = {2015}}

@article{Fiabane2012,
	Author = {Fiabane, L. and Zimmermann, R. and Volk, R. and Pinton, J.-F. and Bourgoin, M.},
	Journal = {Physical Review E},
	Number = {3},
	Title = {Clustering of finite-size particles in turbulence},
	Volume = {86},
	Year = {2012}}


@article{Huisman2013,
	Author = {Huisman, Sander G. and Scharnowski, Sven and Cierpka, Christian and K\"ahler, Christian J. and Lohse, Detlef and Sun, Chao},
	Journal = {Phys. Rev. Lett.},
	Pages = {264501},
	Title = {Logarithmic Boundary Layers in Strong {Taylor-Couette} Turbulence},
	Volume = {110},
	Year = {2013}}
    
@article{Stickel2005,
	Author = {Jonathan J. Stickel and Robert L. Powell},
	Journal = {Annu. Rev. Fluid Mech.},
	Pages = {129--149},
	Title = {Fluid mechanics and rheology of dense suspensions},
	Volume = {37},
	Year = {2005}}


@article{Bellani2012b,
	Author = {Bellani, Gabriele and Byron, Margaret L. and Collignon, Audric G. and Meyer, Colin R. and Variano, Evan A.},
	Journal = {J. Fluid Mech.},
	Pages = {41--60},
	Title = {Shape effects on turbulent modulation by large nearly neutrally buoyant particles},
	Volume = {712},
	Year = {2012}}


@article{Cisse2013,
	Author = {Cisse, Mamadou and Homann, Holger and Bec, J{\'e}r{\'e}mie},
	Journal = {J. Fluid Mech.},
	Title = {Slipping motion of large neutrally buoyant particles in turbulence},
	Volume = {735},
	Year = {2013}}

@article{Poelma2007,
	Author = {Poelma, C. and Westerweel, J. and Ooms, G.},
	Journal = {J. Fluid Mech.},
	Pages = {315--351},
	Title = {Particle--fluid interactions in grid-generated turbulence},
	Volume = {589},
	Year = {2007}}


@article{Ceccio2010,
	Author = {Ceccio, Steven L.},
	Journal = {Annu. Rev. Fluid Mech.},
	Pages = {183--203},
	Title = {Friction Drag Reduction of External Flows with Bubble and Gas Injection},
	Volume = {42},
	Year = {2010}}


@article{mathai2018enhanced,
  title={Enhanced dispersion of big bubbles in turbulence},
  author={Mathai, Varghese and Huisman, Sander G and Sun, Chao and Lohse, Detlef and Bourgoin, Mickael},
  journal={arXiv preprint arXiv:1801.05461},
  year={2018}
}

@article{Procaccia2008,
	Author = {Procaccia, Itamar and L'vov, Victor S. and Benzi, Roberto},
	Journal = {Rev. Mod. Phys.},
	Number = {1},
	Pages = {225--247},
	Title = {Colloquium: Theory of drag reduction by polymers in wall-bounded turbulence},
	Volume = {80},
	Year = {2008}}

@article{Calzavarini2008,
	Author = {Calzavarini, Enrico and Cencini, Massimo and Lohse, Detlef and Toschi, Federico},
	Journal = {Phys. Rev. Lett.},
	Number = {8},
	Title = {Quantifying Turbulence-Induced Segregation of Inertial Particles},
	Volume = {101},
	Year = {2008}}

