
@article{Almeras2017,
	Author = {Elise Alm\'eras and Varghese Mathai and Detlef Lohse and Chao Sun},
	Journal = {J. Fluid Mech.},
	Pages = {1091--1112},
	Title = {Experimental investigation of the turbulence induced by a bubble swarm rising within incident turbulence},
	Volume = {825},
	Year = {2017}}

@article{Andersson2012,
	Author = {Andersson, Helge I. and Zhao, Lihao and Barri, Mustafa},
	Journal = {J. Fluid Mech.},
	Pages = {319--329},
	Title = {Torque-coupling and {particle--turbulence} interactions},
	Volume = {696},
	Year = {2012}}

@article{Andric2014,
	Author = {{Andri\'c}, J. and {Lindstr\"om}, S.B. and Sasic, S. and Nilsson, H.},
	Journal = {J. Non-Newton. Fluid},
	Pages = {36--46},
	Title = {Rheological properties of dilute suspensions of rigid and flexible fibers},
	Volume = {212},
	Year = {2014}}

@phdthesis{Ardekani2017Thesis,
	Author = {Mehdi Niazi Ardekani},
	School = {KTH Mechanics},
	Title = {Numerical study of non-spherical/spherical particles in laminar and turbulent flows},
	Year = {2017}}

@article{Bakhuis2018,
	Author = {Bakhuis, Dennis and Verschoof, Ruben A. and Mathai, Varghese and Huisman, Sander G. and Lohse, Detlef and Sun, Chao},
	Journal = {J. Fluid Mech.},
	Pages = {246--261},
	Title = {Finite-sized rigid spheres in turbulent {{Taylor--Couette}} flow: effect on the overall drag},
	Volume = {850},
	Year = {2018}}

@article{Balachandar2010,
	Author = {S. Balachandar and John K. Eaton},
	Journal = {Annu. Rev. Fluid Mech.},
	Pages = {111--133},
	Title = {Turbulent dispersed multiphase flow},
	Volume = {42},
	Year = {2010}}

@article{Bec2006,
	Author = {Bec, J. and Biferale, L and Boffetta, G. and Celani, A. and Cencini, M. and Lanotte, A. and Musacchio, S. and Toschi, F.},
	Journal = {J. Fluid Mech.},
	Pages = {349--358},
	Title = {Acceleration statistics of heavy particles in turbulence},
	Volume = {550},
	Year = {2006}}

@article{Bec2010,
	Author = {Bec, J and Biferale, L and Lanotte, AS and Scagliarini, Andrea and Toschi, F},
	Journal = {J. Fluid Mech.},
	Pages = {497--528},
	Title = {Turbulent pair dispersion of inertial particles},
	Volume = {645},
	Year = {2010}}

@article{Bellani2012,
	Author = {Bellani, G. and Variano, E. A.},
	Journal = {new. J. Phys.},
	Pages = {125009},
	Title = {Slip velocity of large neutrally buoyant particles in turbulent flows},
	Volume = {14},
	Year = {2012}}

@article{Bellani2012b,
	Author = {Bellani, Gabriele and Byron, Margaret L. and Collignon, Audric G. and Meyer, Colin R. and Variano, Evan A.},
	Journal = {J. Fluid Mech.},
	Pages = {41--60},
	Title = {Shape effects on turbulent modulation by large nearly neutrally buoyant particles},
	Volume = {712},
	Year = {2012}}

@article{Bellani2013,
	Author = {Bellani, Gabriele and Nole, Michael A. and Variano, Evan A.},
	Journal = {Acta Mech.},
	Pages = {2291--2299},
	Title = {Turbulence modulation by large ellipsoidal particles: concentration effects},
	Volume = {224},
	Year = {2013}}

@article{Bernstein1994,
	Author = {Bernstein, Odette and Shapiro, Michael},
	Journal = {J. Aerosol Sci.},
	Pages = {113--136},
	Title = {Direct determination of the orientation distribution function of cylindrical particles immersed in laminar and turbulent shear flows},
	Volume = {25},
	Year = {1994}}

@article{Brown2009,
	Author = {Brown, Rachel D. and Warhaft, Z. and Voth, Greg A.},
	Journal = {Phys. Rev. Lett.},
	Pages = {194501},
	Title = {{{Acceleration Statistics of Neutrally Buoyant Spherical Particles in Intense Turbulence}}},
	Volume = {103},
	Year = {2009}}

@article{Butler1999,
	Author = {P. Butler},
	Journal = {Curr. Opin. Colloid In.},
	Pages = {214--221},
	Title = {Shear induced structures and transformations in complex fluids},
	Volume = {4},
	Year = {1999}}

@article{Butler2018,
	Author = {Jason E. Butler and Braden Snook},
	Journal = {Annu. Rev. Fluid Mech.},
	Pages = {299--318},
	Title = {{{Microstructural Dynamics and Rheology of Suspensions of Rigid Fibers}}},
	Volume = {50},
	Year = {2018}}

@article{Calzavarini2008,
	Author = {Calzavarini, Enrico and Cencini, Massimo and Lohse, Detlef and Toschi, Federico},
	Journal = {Phys. Rev. Lett.},
	Pages = {084504},
	Title = {{{Quantifying Turbulence-Induced Segregation of Inertial Particles}}},
	Volume = {101},
	Year = {2008}}

@article{Calzavarini2009,
	Author = {Calzavarini, Enrico and Volk, Romain and Bourgoin, {Micka\"el} and {L\'ev\^eque}, Emmanuel and Pinton, J-F and Toschi, Federico},
	Journal = {J. Fluid Mech.},
	Pages = {179--189},
	Title = {{{Acceleration statistics of finite-sized particles in turbulent flow: the role of Fax\'en forces}}},
	Volume = {630},
	Year = {2009}}

@article{Challabotla2015,
	Author = {Challabotla, Niranjan Reddy and Zhao, Lihao and Andersson, Helge I.},
	Journal = {Phys. Fluids},
	Pages = {061703},
	Title = {Shape effects on dynamics of {inertia-free} spheroids in wall turbulence},
	Volume = {27},
	Year = {2015}}

@article{Challabotla2015b,
	Author = {Challabotla, Niranjan Reddy and Nilsen, Christopher and Andersson, Helge I.},
	Journal = {Phys. Lett. A},
	Pages = {157--162},
	Title = {On rotational dynamics of inertial disks in creeping shear flow},
	Volume = {379},
	Year = {2015}}

@article{Challabotla2015c,
	Author = {Challabotla, Niranjan Reddy and Zhao, Lihao and Andersson, Helge I.},
	Journal = {J. Fluid Mech.},
	Pages = {R2},
	Title = {Orientation and rotation of inertial disk particles in wall turbulence},
	Volume = {766},
	Year = {2015}}

@book{Clift1978,
	Author = {Clift, R. and Grace, J.R. and Weber, M.E. and Weber, M.F.},
	Publisher = {Academic Press},
	Title = {Bubbles, Drops, and Particles},
	Year = {1978}}

@article{Daghooghi2015,
	Author = {Daghooghi, Mohsen and Borazjani, Iman},
	Journal = {J. Fluid Mech.},
	Pages = {506--549},
	Title = {The influence of inertia on the rheology of a periodic suspension of neutrally buoyant rigid ellipsoids},
	Volume = {781},
	Year = {2015}}

@article{DoQuang2014,
	Author = {{Do-Quang}, M. and Amberg, G. and Brethouwer, G. and Johansson, A. V.},
	Journal = {Phys. Rev. E},
	Pages = {013006},
	Title = {Simulation of finite-size fibers in turbulent channel flows},
	Volume = {89},
	Year = {2014}}

@article{Dritselis2008,
	Author = {Dritselis, Chris D. and Vlachos, Nicholas S.},
	Journal = {Phys. Fluids},
	Pages = {055103},
	Title = {Numerical study of educed coherent structures in the near-wall region of a particle-laden channel flow},
	Volume = {20},
	Year = {2008}}

@article{Eckhardt2007,
	Author = {Bruno Eckhardt and Siegfried Grossmann and Detlef Lohse},
	Journal = {J. Fluid Mech.},
	Pages = {221--250},
	Title = {Torque scaling in turbulent {Taylor--Couette} flow between independently rotating cylinders},
	Volume = {581},
	Year = {2007}}

@article{Einarsson2013,
	Author = {J. Einarsson and A. Johansson and S. K. Mahato and Y. N. Mishra and J. R. Angilella and D. Hanstorp and B. Mehlig},
	Journal = {Acta Mech.},
	Pages = {2281--2289},
	Title = {Periodic and aperiodic tumbling of microrods advected in a microchannel flow},
	Volume = {224},
	Year = {2013}}

@article{Elghobashi1994,
	Author = {S. Elghobashi},
	Journal = {Appl. Sci. Res.},
	Pages = {309--329},
	Title = {On predicting {particle-laden} turbulent flows},
	Volume = {52},
	Year = {1994}}

@article{Fellay2013,
	Author = {Lucas Sanchez Fellay and Christina Twist and Marco Vanni},
	Journal = {Acta Mech.},
	Pages = {2225--2248},
	Title = {Motion of rigid aggregates under different flow conditions},
	Volume = {224},
	Year = {2013}}

@article{Fiabane2012,
	Author = {Fiabane, L. and Zimmermann, R. and Volk, R. and Pinton, J.-F. and Bourgoin, M.},
	Journal = {Phys. Rev. E},
	Pages = {035301(R)},
	Title = {Clustering of finite-size particles in turbulence},
	Volume = {86},
	Year = {2012}}

@article{Fukuhara1995,
	Author = {Fukuhara, Minoru and Nozaki, Tsutomu and Iwatsubo, Mitsugu and Suzuki, Katsunari},
	Journal = {Trans. Jpn. Soc. Mech. Eng. B},
	Pages = {90--95},
	Title = {{{Experimental Study on Drag Reduction by Flexible Tubes}}},
	Volume = {61},
	Year = {1995}}

@article{Gavze1998,
	Author = {Gavze, Ehud and Shapiro, Micheal},
	Journal = {J. Fluid Mech.},
	Pages = {59--79},
	Title = {Motion of inertial spheroidal particles in a shear flow near a solid wall with special application to aerosol transport in microgravity},
	Volume = {371},
	Year = {1998}}

@article{Gillissen2008,
	Author = {J. J. J. Gillissen and B. J. Boersma and P. H. Mortensen and H. I. Andersson},
	Journal = {J. Fluid Mech.},
	Pages = {209--218},
	Title = {Fibre-induced drag reduction},
	Volume = {602},
	Year = {2008}}

@article{Gore1991,
	Author = {Gore, R. A. and Crowe, C. T.},
	Journal = {J. Fluids Eng.},
	Pages = {304--307},
	Title = {Modulation of turbulence by a dispersed phase},
	Volume = {113},
	Year = {1991}}

@article{Grossmann2016,
	Author = {Siegfried Grossmann and Detlef Lohse and Chao Sun},
	Journal = {Annu. Rev. Fluid Mech.},
	Pages = {53--80},
	Title = {{[High--Reynolds Number Taylor--Couette Turbulence}]},
	Volume = {48},
	Year = {2016}}

@article{Guazzelli2011,
	Author = {Guazzelli, {\'Elisabeth} and Hinch, John},
	Journal = {Annu. Rev. Fluid Mech.},
	Pages = {97--116},
	Title = {{{Fluctuations and Instability in Sedimentation}}},
	Volume = {43},
	Year = {2011}}

@book{Gyr1995,
	Author = {A. Gyr and H.-W. Bewersdorff},
	Publisher = {Springer Netherlands},
	Title = {Drag Reduction of Turbulent Flows by Additives},
	Year = {1995}}

@article{Hejazi2017,
	Author = {Bardia Hejazi and Bernhard Mehlig and Greg A. Voth},
	Journal = {Phys. Rev. Fluids},
	Pages = {124501},
	Title = {Emergent scar lines in chaotic advection of passive directors},
	Volume = {2},
	Year = {2017}}

@article{Holm2007,
	Author = {Richard Holm and Daniel {S\"oderberg}},
	Journal = {Rheol. Acta},
	Pages = {721--729},
	Title = {Shear influence on fibre orientation},
	Volume = {46},
	Year = {2007}}

@article{Homann2017,
	Author = {Homann, Holger},
	Journal = {CISM International Centre for Mechanical Sciences},
	Pages = {39--65},
	Title = {Modeling and Simulation of Finite-Size Particles in Turbulence},
	Volume = {576},
	Year = {2017}}

@article{Huisman2012b,
	Author = {Huisman, Sander G. and {van Gils}, Dennis P. M. and Grossmann, Siegfried and Sun, Chao and Lohse, Detlef},
	Journal = {Phys. Rev. Lett.},
	Pages = {024501},
	Title = {Ultimate turbulent {{Taylor--Couette}} flow},
	Volume = {108},
	Year = {2012}}

@article{Huisman2013,
	Author = {Huisman, Sander G. and Scharnowski, Sven and Cierpka, Christian and {K\"ahler}, Christian J. and Lohse, Detlef and Sun, Chao},
	Journal = {Phys. Rev. Lett.},
	Pages = {264501},
	Title = {{{Logarithmic Boundary Layers in Strong {Taylor--Couette} Turbulence}}},
	Volume = {110},
	Year = {2013}}

@article{Huisman2014,
	Author = {Sander G. Huisman and Roeland C. A. {van der Veen} and Chao Sun and Detlef Lohse},
	Journal = {Nat. Comm.},
	Pages = {3820},
	Title = {Multiple states in highly turbulent {Taylor--Couette} flow},
	Volume = {5},
	Year = {2014}}

@article{Jeffery1922,
	Author = {G. B. Jeffery},
	Journal = {Proc. Royal Soc. A},
	Pages = {161--179},
	Title = {The Motion of Ellipsoidal Particles Immersed in a Viscous Fluid},
	Volume = {102},
	Year = {1922}}

@article{Kolmogorov1941,
	Author = {Kolmogorov, Andrey Nikolaevich},
	Journal = {Dokl. Akad. Nauk. SSSR},
	Pages = {299--303},
	Title = {The local structure of turbulence in incompressible viscous fluid for very large Reynolds numbers},
	Volume = {30},
	Year = {1941}}

@article{Kolmogorov1941b,
	Author = {Kolmogorov, A. N.},
	Journal = {Dokl. Akad. Nauk. SSSR},
	Pages = {538--540},
	Title = {{On degeneration of isotropic turbulence in an incompressible viscous liquid}},
	Volume = 31,
	Year = 1941}

@article{LaPorta2001,
	Author = {La Porta, A. and Voth, Greg A. and Crawford, Alice M. and Alexander, Jim and Bodenschatz, Eberhard},
	Journal = {Nature},
	Pages = {1017--1019},
	Title = {Fluid particle accelerations in fully developed turbulence},
	Volume = {409},
	Year = {2001}}

@article{Lashgari2017,
	Author = {Lashgari, Iman and Picano, Francesco and Costa, Pedro and Breugem, Wim-Paul and Brandt, Luca},
	Journal = {J. Fluid Mech.},
	Pages = {623--645},
	Title = {Turbulent channel flow of a dense binary mixture of rigid particles},
	Volume = {818},
	Year = {2017}}

@article{Lashgari2017b,
	Author = {Lashgari, Iman and Ardekani, Mehdi Niazi and Banerjee, Indradumna and Russom, Aman and Brandt, Luca},
	Journal = {J. Fluid Mech.},
	Pages = {540--561},
	Title = {Inertial migration of spherical and oblate particles in straight ducts},
	Volume = {819},
	Year = {2017}}

@article{Lathrop1992,
	Author = {Daniel P. Lathrop and Jay Fineberg and Harry L. Swinney},
	Journal = {Phys. Rev. Lett.},
	Pages = {1515},
	Title = {{Turbulent flow between concentric rotating cylinders at large {{Reynolds}} number}},
	Volume = {68},
	Year = {1992}}

@article{Lee1974,
	Author = {Lee, W. K. and Vaseleski, R. C. and Metzner, A. B.},
	Journal = {AIChE J.},
	Pages = {128--133},
	Title = {Turbulent drag reduction in polymeric solutions containing suspended fibers},
	Volume = {20},
	Year = {1974}}

@article{Lopez2017,
	Author = {Lopez, Diego and Guazzelli, Elisabeth},
	Journal = {Phys. Rev. Fluids},
	Pages = {024306},
	Title = {Inertial effects on fibers settling in a vortical flow},
	Volume = {2},
	Year = {2017}}

@article{Lundell2011,
	Author = {Lundell, Fredrik and {S\"oderberg}, L. Daniel and Alfredsson, P. Henrik},
	Journal = {Annu. Rev. Fluid Mech.},
	Pages = {195--217},
	Title = {{{Fluid Mechanics of Papermaking}}},
	Volume = {43},
	Year = {2011}}

@article{Machicoane2014,
	Author = {Machicoane, Nathana{\"e}l and Zimmermann, Robert and Fiabane, Lionel and Bourgoin, {Micka\"el}l and Pinton, {Jean-Fran\c cois} and Volk, Romain},
	Journal = {New. J. Phys.},
	Pages = {013053},
	Title = {Large sphere motion in a nonhomogeneous turbulent flow},
	Volume = {16},
	Year = {2014}}

@article{Machicoane2016,
	Author = {Machicoane, {Nathana\"el} and Volk, Romain},
	Journal = {Phys. Fluids},
	Pages = {035113},
	Title = {Lagrangian velocity and acceleration correlations of large inertial particles in a closed turbulent flow},
	Volume = {28},
	Year = {2016}}

@article{Majji2017,
	Author = {Majji, Madhu V. and Banerjee, Sanjoy and Morris, Jeffrey F.},
	Journal = {J. Fluid Mech.},
	Pages = {936--969},
	Title = {Inertial flow transitions of a suspension in {{Taylor--Couette}} geometry},
	Volume = {835},
	Year = {2017}}

@article{Majji2018,
	Author = {Majji, Madhu V. and Morris, Jeffrey F.},
	Journal = {Phys. Fluids},
	Pages = {033303},
	Title = {Inertial migration of particles in {{Taylor--Couette}} flows},
	Volume = {30},
	Year = {2018}}

@article{Marchioli2010,
	Author = {Marchioli, Cristian and Fantoni, Marco and Soldati, Alfredo},
	Journal = {Phys. Fluids},
	Pages = {033301},
	Title = {Orientation, distribution, and deposition of elongated, inertial fibers in turbulent channel flow},
	Volume = {22},
	Year = {2010}}

@article{Marchioli2013,
	Author = {Cristian Marchioli and Alfredo Soldati},
	Journal = {Acta Mech.},
	Pages = {2311--2329},
	Title = {Rotation statistics of fibers in wall shear turbulence},
	Volume = {224},
	Year = {2013}}

@article{Mathai2015,
	Author = {Varghese Mathai and Vivek N. Prakash and Jon Brons and Chao Sun and Detlef Lohse},
	Journal = {Phys. Rev. Lett.},
	Pages = {124501},
	Title = {{{Wake-Driven Dynamics of Finite-Sized Buoyant Spheres in Turbulence}}},
	Volume = {115},
	Year = {2015}}

@article{Mathai2016b,
	Author = {Mathai, Varghese and Neut, Matthijs W. M. and {van der Poel}, Erwin P. and Sun, Chao},
	Journal = {Exp. Fluids},
	Pages = {51},
	Title = {Translational and rotational dynamics of a large buoyant sphere in turbulence},
	Volume = {57},
	Year = {2016}}

@article{Mathai2018,
	Author = {Mathai, Varghese and Huisman, Sander G. and Sun, Chao and Lohse, Detlef and Bourgoin, {Micka\"el}},
	Journal = {Phys. Rev. Lett.},
	Pages = {054501},
	Title = {{Dispersion of Air Bubbles in Isotropic Turbulence}},
	Volume = {121},
	Year = {2018}}

@article{Mathai2018b,
	Author = {Mathai, Varghese and Zhu, Xiaojue and Sun, Chao and Lohse, Detlef},
	Journal = {Nat. Commun.},
	Pages = {1792},
	Title = {Flutter to tumble transition of buoyant spheres triggered by rotational inertia changes},
	Volume = {9},
	Year = {2018}}

@article{Maxey1983,
	Author = {Martin R. Maxey and James J. Riley},
	Journal = {Phys. Fluids},
	Pages = {883},
	Title = {Equation of motion for a small rigid sphere in a nonuniform flow},
	Volume = {26},
	Year = {1983}}

@article{Mercado2012,
	Author = {{Mart\'inez Mercado}, {Juli\'an} and Prakash, Vivek N. and Tagawa, Yoshiyuki and Sun, Chao and Lohse, Detlef},
	Journal = {Physics of Fluids},
	Pages = {055106},
	Title = {Lagrangian statistics of light particles in turbulence},
	Volume = {24},
	Year = {2012}}

@article{Moosaie2013,
	Author = {A. Moosaie and M. Manhart},
	Journal = {Acta Mech.},
	Pages = {2385--2413},
	Title = {Direct {{Monte Carlo}} simulation of turbulent drag reduction by rigid fibers in a channel flow},
	Volume = {224},
	Year = {2013}}

@article{Moosaie2015,
	Author = {Amin Moosaie and Michael Manhart},
	Journal = {J. Non-Newton. Fluid},
	Pages = {249--256},
	Title = {On the structure of vorticity and near-wall partial enstrophy in fibrous drag-reduced turbulent channel flow},
	Volume = {223},
	Year = {2015}}

@article{Mordant2004,
	Author = {N. Mordant and A.M. Crawford and E. Bodenschatz},
	Journal = {Phys.-d nonlinear phenom.},
	Pages = {245--251},
	Title = {{{Experimental Lagrangian acceleration probability density function measurement}}},
	Volume = {193},
	Year = {2004}}

@article{Mortensen2008,
	Author = {Mortensen, P. H. and Andersson, H. I. and Gillissen, J. J. J. and Boersma, B. J.},
	Journal = {Phys. Fluids},
	Pages = {093302},
	Title = {Dynamics of prolate ellipsoidal particles in a turbulent channel flow},
	Volume = {20},
	Year = {2008}}

@article{Mortensen2008b,
	Author = {Mortensen, P.H. and Andersson, H.I. and Gillissen, J.J.J. and Boersma, B.J.},
	Journal = {Int. J. Multiph. Flow},
	Pages = {678--683},
	Title = {On the orientation of ellipsoidal particles in a turbulent shear flow},
	Volume = {34},
	Year = {2008}}

@article{Newsom1998,
	Author = {Newsom, R.K. and Bruce, C.W.},
	Journal = {J. Aerosol Sci.},
	Pages = {773--797},
	Title = {Orientational properties of fibrous aerosols in atmospheric turbulence},
	Volume = {29},
	Year = {1998}}

@article{Ni2014,
	Author = {Ni, Rui and Ouellette, Nicholas T. and Voth, Greg A.},
	Journal = {J. Fluid Mech.},
	Pages = {R3},
	Title = {Alignment of vorticity and rods with {Lagrangian} fluid stretching in turbulence},
	Volume = {743},
	Year = {2014}}

@article{Olson1998,
	Author = {J. A. Olson and R. J. Kerekes},
	Journal = {J. Fluid Mech.},
	Pages = {47--64},
	Title = {The motion of fibres in turbulent flow},
	Volume = {377},
	Year = {1998}}

@article{Orlandi1995,
	Author = {Orlandi, Paolo},
	Journal = {J. Non-Newton. Fluid},
	Pages = {277--301},
	Title = {A tentative approach to the direct simulation of drag reduction by polymers},
	Volume = {60},
	Year = {1995}}

@article{Ostilla-Monico2014,
	Author = {{Ostilla-M\'onico}, Rodolfo and {van der Poel}, Erwin P and Verzicco, Roberto and Grossmann, Siegfried and Lohse, Detlef},
	Journal = {J. Fluid Mech.},
	Pages = {1--26},
	Title = {Exploring the phase diagram of fully turbulent {{Taylor--Couette}} flow},
	Volume = {761},
	Year = {2014}}

@article{Ouellette2008,
	Author = {Ouellette, Nicholas T. and {{O'Malley}}, P. J. J. and Gollub, J. P.},
	Journal = {Phys. Rev. Lett.},
	Pages = {174504},
	Title = {{{Transport of Finite-Sized Particles in Chaotic Flow}}},
	Volume = {101},
	Year = {2008}}

@article{Parsa2011,
	Author = {Parsa, Shima and Guasto, Jeffrey S. and Kishore, Monica and Ouellette, Nicholas T. and Gollub, J. P. and Voth, Greg A.},
	Journal = {Phys. Fluids},
	Pages = {043302},
	Title = {Rotation and alignment of rods in {{two-dimensional}} chaotic flow},
	Volume = {23},
	Year = {2011}}

@article{Parsa2012,
	Author = {Shima Parsa and Enrico Calzavarini and Federico Toschi and Greg A. Voth},
	Journal = {Phys. Rev. Lett.},
	Pages = {134501},
	Title = {{{Rotation Rate of Rods in Turbulent Fluid Flow}}},
	Volume = {109},
	Year = {2012}}

@phdthesis{Parsa2013,
	Author = {Shima Parsa},
	School = {Wesleyan University},
	Title = {Rotational dynamics of rod particles in fluid flows},
	Year = {2013}}

@article{Paschkewitz2004,
	Author = {Paschkewitz, J. S. and Dubief, Yves and Dimitropoulos, Costas D. and Shaqfeh, Eric S. G. and Moin, Parviz},
	Journal = {J. Fluid Mech.},
	Pages = {281--317},
	Title = {Numerical simulation of turbulent drag reduction using rigid fibres},
	Volume = {518},
	Year = {2004}}

@article{Paschkewitz2005a,
	Author = {Paschkewitz, J. S. and Dimitropoulos, Costas D. and Hou, Y. X. and Somandepalli, V. S. R. and Mungal, M. G. and Shaqfeh, Eric S. G. and Moin, Parviz},
	Journal = {Phys. Fluids},
	Pages = {085101},
	Title = {An experimental and numerical investigation of drag reduction in a turbulent boundary layer using a rigid rodlike polymer},
	Volume = {17},
	Year = {2005}}

@article{Paschkewitz2005b,
	Author = {Paschkewitz, J. S. and Dubief, Yves and Shaqfeh, Eric S. G.},
	Journal = {Physics of Fluids},
	Pages = {063102},
	Title = {The dynamic mechanism for turbulent drag reduction using rigid fibers based on Lagrangian conditional statistics},
	Volume = {17},
	Year = {2005}}

@article{Procaccia2008,
	Author = {Procaccia, Itamar and {{L'vov}}, Victor S. and Benzi, Roberto},
	Journal = {Rev. Mod. Phys.},
	Pages = {225--247},
	Title = {{{Colloquium: Theory of drag reduction by polymers in wall-bounded turbulence}}},
	Volume = {80},
	Year = {2008}}

@article{Pumir2011,
	Author = {Pumir, Alain and Wilkinson, Michael},
	Journal = {New. J. Phys.},
	Pages = {093030},
	Title = {Orientation statistics of small particles in turbulence},
	Volume = {13},
	Year = {2011}}

@article{Qureshi2007,
	Author = {Qureshi, Nauman M. and Bourgoin, {Micka\"el}l and Baudet, Christophe and Cartellier, Alain and Gagne, Yves},
	Journal = {Phys. Rev. Lett.},
	Pages = {184502},
	Title = {{{Turbulent Transport of Material Particles: An Experimental Study of Finite Size Effects}}},
	Volume = {99},
	Year = {2007}}

@article{Rabencov2014,
	Author = {Rabencov, B. and Arca, J. and van Hout, R.},
	Journal = {Int. J. Multiph. Flow},
	Pages = {110--122},
	Title = {{{Measurement of polystyrene beads suspended in a turbulent square channel flow: Spatial distributions of velocity and number density}}},
	Volume = {62},
	Year = {2014}}

@article{Rabencov2015,
	Author = {Rabencov, B. and van Hout, R.},
	Journal = {Int. J. Multiph. Flow},
	Pages = {10--13},
	Title = {Voronoi analysis of beads suspended in a turbulent square channel flow},
	Volume = {68},
	Year = {2015}}

@article{Rashidi1990,
	Author = {Rashidi, M. and Hetsroni, G. and Banerjee, S.},
	Journal = {Int. J. Multiph. Flow},
	Pages = {935--949},
	Title = {Particle-turbulence interaction in a boundary layer},
	Volume = {16},
	Year = {1990}}

@article{Rosen2017,
	Author = {{Ros\'en}, Tomas and Kotsubo, Yusuke and Aidun, Cyrus K. and {Do-Quang}, Minh and Lundell, Fredrik},
	Journal = {Phys. Rev. E},
	Pages = {013109},
	Title = {Orientational dynamics of a triaxial ellipsoid in simple shear flow: Influence of inertia},
	Volume = {96},
	Year = {2017}}

@article{Sabban2011,
	Author = {Lilach Sabban and {Ren\'e} van Hout},
	Journal = {J. Aerosol Sci.},
	Pages = {867--882},
	Title = {Measurements of pollen grain dispersal in still air and stationary, near homogeneous, isotropic turbulence},
	Volume = {42},
	Year = {2011}}

@article{Sabban2017,
	Author = {Sabban, L. and Cohen, A. and van Hout, R.},
	Journal = {J. Fluid Mech.},
	Pages = {42--68},
	Title = {{{Temporally resolved measurements of heavy, rigid fibre translation and rotation in nearly homogeneous isotropic turbulence}}},
	Volume = {814},
	Year = {2017}}

@article{Shin2005,
	Author = {Mansoo Shin and Donald L. Koch},
	Journal = {J. Fluid Mech.},
	Pages = {143--173},
	Title = {Rotational and translational dispersion of fibres in isotropic turbulent flows},
	Volume = {540},
	Year = {2005}}

@article{Subramanian2005,
	Author = {G. Subramanian and Donald L. Koch},
	Journal = {J. Fluid Mech.},
	Pages = {383--414},
	Title = {Inertial effects on fibre motion in simple shear flow},
	Volume = {535},
	Year = {2005}}

@article{Szeri1993,
	Author = {Szeri, Andrew J. and Leal, L. Gary},
	Journal = {J. Fluid Mech.},
	Pages = {143--167},
	Title = {Microstructure suspended in three-dimensional flows},
	Volume = {250},
	Year = {1993}}

@article{Taylor1923,
	Author = {G. I. Taylor},
	Journal = {Proc. Royal Soc. A},
	Pages = {58--61},
	Title = {{{The Motion of Ellipsoidal Particles in a Viscous Fluid}}},
	Volume = {103},
	Year = {1923}}

@article{Toschi2009,
	Author = {Federico Toschi and Eberhard Bodenschatz},
	Journal = {Annu. Rev. Fluid Mech.},
	Pages = {375-404},
	Title = {{{Lagrangian Properties of Particles in Turbulence}}},
	Volume = {41},
	Year = {2009}}

@article{Trebbin2013,
	Author = {M. Trebbin and D. Steinhauser and J. Perlich and A. Buffet and S. V. Roth and W. Zimmermann and J. Thiele and S. Forster},
	Journal = {Proc. Natl. Acad. Sci.},
	Pages = {6706--6711},
	Title = {Anisotropic particles align perpendicular to the flow direction in narrow microchannels},
	Volume = {110},
	Year = {2013}}

@article{vanderVeen2016,
	Author = {{van der Veen}, Roeland C. A. and Huisman, Sander G. and Dung, On-Yu and Tang, Ho L. and Sun, Chao and Lohse, Detlef},
	Journal = {Phys. Rev. Fluids},
	Pages = {024401},
	Title = {Exploring the phase space of multiple states in highly turbulent Taylor-Couette flow},
	Volume = {1},
	Year = {2016}}

@article{vanGils2011,
	Author = {Dennis P.M. {van Gils} and Gert-Wim Bruggert and Daniel P. Lathrop and Chao Sun and Detlef Lohse},
	Journal = {Rev. Sci. Instr.},
	Pages = {025105},
	Title = {The {{Twente}} turbulent {{Taylor-Couette}} {\textit{($T^3C$)}} facility: strongly turbulent (multiphase) flow between independently rotating cylinders},
	Volume = {82},
	Year = {2011}}

@article{vanHout2013,
	Author = {R. van Hout and L. Sabban and A. Cohen},
	Journal = {Acta Mech.},
	Pages = {2263--2280},
	Title = {The use of high-speed {PIV} and holographic cinematography in the study of fiber suspension flows},
	Volume = {224},
	Year = {2013}}

@article{vanHout2013b,
	Author = {van Hout, {Ren\'e}},
	Journal = {J. Fluid Mech.},
	Pages = {389--423},
	Title = {Spatially and temporally resolved measurements of bead resuspension and saltation in a turbulent water channel flow},
	Volume = {715},
	Year = {2013}}

@article{Vercruysse2017,
	Author = {Vercruysse, Kim and Grabowski, Robert C. and Rickson, R.J.},
	Journal = {Earth-Sci. Rev.},
	Pages = {38--52},
	Title = {{{Suspended sediment transport dynamics in rivers: Multi-scale drivers of temporal variation}}},
	Volume = {166},
	Year = {2017}}

@article{Vincenzi2013,
	Author = {Vincenzi, Dario},
	Journal = {J. Fluid Mech.},
	Pages = {465--487},
	Title = {Orientation of non-spherical particles in an axisymmetric random flow},
	Volume = {719},
	Year = {2013}}

@article{Voth2002,
	Author = {Voth, Greg A. and Haller, G. and Gollub, J. P.},
	Journal = {Phys. Rev. Lett.},
	Pages = {254501},
	Title = {{{Experimental Measurements of Stretching Fields in Fluid Mixing}}},
	Volume = {88},
	Year = {2002}}

@article{Voth2017,
	Author = {Greg A. Voth and Alfredo Soldati},
	Journal = {Annu. Rev. Fluid Mech.},
	Pages = {249--276},
	Title = {{{Anisotropic Particles in Turbulence}}},
	Volume = {49},
	Year = {2017}}

@article{White2008,
	Author = {White, Christopher M. and Mungal, M Godfrey},
	Journal = {Annu. Rev. Fluid Mech.},
	Pages = {235--256},
	Title = {{{Mechanics and Prediction of Turbulent Drag Reduction with Polymer Additives}}},
	Volume = {40},
	Year = {2008}}

@article{Wilkinson2009,
	Author = {Wilkinson, Michael and Bezuglyy, Vlad and Mehlig, Bernhard},
	Journal = {Phys. Fluids},
	Pages = {043304},
	Title = {Fingerprints of random flows?},
	Volume = {21},
	Year = {2009}}

@article{Xu2008,
	Author = {Xu, Haitao and Bodenschatz, Eberhard},
	Journal = {Physica D},
	Pages = {2095--2100},
	Title = {Motion of inertial particles with size larger than {{Kolmogorov}} scale in turbulent flows},
	Volume = {237},
	Year = {2008}}

@article{Zettner2001,
	Author = {Zettner, C. M. and Yoda, M.},
	Journal = {J. Fluid Mech.},
	Pages = {241--266},
	Title = {Moderate-aspect-ratio elliptical cylinders in simple shear with inertia},
	Volume = {442},
	Year = {2001}}

@article{Zhang2001,
	Author = {Zhang, Haifeng and Ahmadi, Goodarz and Fan, {Fa-Gung} and McLaughlin, John B.},
	Journal = {Int. J. Multiph. Flow},
	Pages = {971--1009},
	Title = {Ellipsoidal particles transport and deposition in turbulent channel flows},
	Volume = {27},
	Year = {2001}}

@article{Zhao2010,
	Author = {L. H. Zhao and H. I. Andersson and J. J. J. Gillissen},
	Journal = {Phys. Fluids},
	Pages = {081702},
	Title = {Turbulence modulation and drag reduction by spherical particles},
	Volume = {22},
	Year = {2010}}

@article{Zhao2013,
	Author = {Zhao, L. H. and Andersson, H. I. and Gillissen, J. J. J.},
	Journal = {Acta Mech.},
	Pages = {2375--2384},
	Title = {On inertial effects of long fibers in wall turbulence: fiber orientation and fiber stresses},
	Volume = {224},
	Year = {2013}}

@article{Zhao2015,
	Author = {Lihao Zhao and Niranjan Reddy Challabotla and Helge I. Andersson and Evan A. Variano},
	Journal = {Phys. Rev. Lett.},
	Pages = {244501},
	Title = {{{Rotation of Nonspherical Particles in Turbulent Channel Flow}}},
	Volume = {115},
	Year = {2015}}

@article{Zhao2015b,
	Author = {Zhao, F. and George, W. K. and van Wachem, B. G. M.},
	Journal = {Phys. Fluids},
	Pages = {083301},
	Title = {{{Four-way coupled simulations of small particles in turbulent channel flow: The effects of particle shape and {{Stokes}} number}}},
	Volume = {27},
	Year = {2015}}

@article{Zimmermann2011,
	Author = {Zimmermann, Robert and Gasteuil, Yoann and Bourgoin, {Micka\"el}l and Volk, Romain and Pumir, Alain and Pinton, Jean-Fran{\c c}ois},
	Journal = {Phys. Rev. Lett.},
	Pages = {154501},
	Title = {{{Rotational Intermittency and Turbulence Induced Lift Experienced by Large Particles in a Turbulent Flow}}},
	Volume = {106},
	Year = {2011}}

@misc{Video1,
    title = {See Supplemental Material at [URL will be inserted by publisher] for a video of a typical recording.}
}

@misc{Video2,
    title = {See Supplemental Material at [URL will be inserted by publisher] for a video on movement and tracking of the fibers.}
}