@article{Huisman2014,
	Author = {Huisman, S. G. and van der Veen, R. C. A. and Sun, C. and Lohse, D.},
	Journal = {Nat. Commun.},
	Month = {05},
	Title = {{Multiple states in highly turbulent Taylor--Couette flow}},
	Volume = {5},
	Year = {2014},
}

@article{Vanderwel2015,
    title={Effects of spanwise spacing on large-scale secondary flows in rough-wall turbulent boundary layers},
    volume={774}, 
    journal={J. Fluid Mech.}, 
    author={Vanderwel, Christina and Ganapathisubramani, Bharathram}, 
    year={2015}, 
    pages={R2}
}

@article{Mejia2013,
    author = {Mejia-Alvarez,R.  and Christensen,K. T. },
    title = {Wall-parallel stereo particle-image velocimetry measurements in the roughness sublayer of turbulent flow overlying highly irregular roughness},
    journal = {Phys. Fluids},
    volume = {25},
    number = {11},
    pages = {115109},
    year = {2013},
}

@article{mazzuoli2017, 
    title={Direct numerical simulation of open-channel flow over a fully rough wall at moderate relative submergence},
    volume={824}, 
    journal={J. Fluid Mech.}, 
    author={Mazzuoli, Marco and Uhlmann, Markus}, 
    year={2017}, 
    pages={722--765}
}

@article{amir2014, 
    title={Pressure forces on sediment particles in turbulent open-channel flow: a laboratory study}, 
    volume={757}, 
    journal={J. Fluid Mech.}, 
    author={Amir, Mohammad and Nikora, Vladimir I. and Stewart, Mark T.}, 
    year={2014}, 
    pages={458--497}
}

@article{Ren2011,
    author = {Ren, Huiying and Wu, Yanhua},
    title = {Turbulent boundary layers over smooth and rough forward-facing steps},
    journal = {Phys. Fluids},
    volume = {23},
    number = {4},
    pages = {045102},
    year = {2011},
}

@article{Jeng2007,
    title = "Heat transfer enhancement of {{Taylor–-Couette–-Poiseuille}} flow in an annulus by mounting longitudinal ribs on the rotating inner cylinder",
    journal = "Int. J. Heat Mass Transf.",
    volume = "50",
    number = "1",
    pages = "381--390",
    year = "2007",
    author = "Tzer-Ming Jeng and Sheng-Chung Tzeng and Chao-Hsien Lin"
}

@article{Taylor1923,
    title={VIII. Stability of a viscous liquid contained between two rotating cylinders},
    author={Taylor, Geoffrey Ingram},
    journal={Philos. Trans. R. Soc. A},
    volume={223},
    number={605--615},
    pages={289--343},
    year={1923},
publisher={The Royal Society London}
}

@article{Richard1999,
    title={Turbulence in differentially rotating flows what can be learned from the {{Couette--Taylor}} experiment},
    author={Richard, Denis and Zahn, Jean-Paul},
    journal={Astron. Astrophys.},
    volume={347},
    number={2},
    pages={734--738},
    year={1999}
}

@book{Chandrasekhar1961,
    title={Hydrodynamic and hydromagnetic stability},
    author={Chandrasekhar, Subrahmanyan},
    year={1961},
    publisher={Clarendon Press}
}

@article{Ezeta2019, 
    title={Drag reduction in boiling {{Taylor--Couette}} turbulence}, 
    volume={881}, 
    journal={J. Fluid Mech.}, 
    author={Ezeta, Rodrigo and Bakhuis, Dennis and Huisman, Sander G. and Sun, Chao and Lohse, Detlef}, 
    year={2019}, 
    pages={104–-118}
}

@article{VanGils2011,
	Author = {D. P. M. van Gils and G. W. Bruggert and D. P. Lathrop and C. Sun and D. Lohse},
	Journal = {Rev. Sci. Instrum.},
	Pages = {025105},
	Title = {The {{Twente}} turbulent {{Taylor--Couette}} {{($T^3C$)}} facility: {S}trongly turbulent (multi-phase) flow between independently rotating cylinders},
	Volume = {82},
	Year = {2011}}

%introduction roughness
@book{Schlichting,
	Author = {H. Schlichting and K. Gersten},
	Edition = {8th},
	Publisher = {Springer Verlag},
	Title = {Boundary layer theory},
	Year = {2000}}

@article{Flack2014,
	Author = {Flack, K. A. and Schultz, M. P.},
	Journal = {Phys. Fluids},
	volume = {26},
    number = {10},
	Pages = {101305},
	Title = {Roughness effects on wall-bounded turbulent flows},
	Year = {2014}}

%from gasdrive proposal
@article{Watanabe1998,
  title={Measurements of drag reduction by microbubbles using very long ship models},
  author={Watanabe, O. and Masuko, A. and Yasushi, S.},
  journal={J. Soc. Nav. Archit. Jpn.},
  volume={183},
  pages={53--63},
  year={1998}}

%introduction microbubbles
@article{Madavan1984,
author = {N. K. Madavan and S. Deutsch and C. L. Merkle},
title = {Reduction of turbulent skin friction by microbubbles},
journal = {Phys. Fluids},
volume = {27},
number = {2},
pages = {356-363},
year = {1984},
}

@article{Madavan1985,
author = {N. K. Madavan and S. Deutsch and C. L. Merkle},
title = {Measurements of local skin friction in a microbubble-modified turbulent boundary layer},
journal = {J. Fluid Mech.},
volume = {156},
pages = {237-256},
year = {1985},
}

@article {McCormick1973,
author = {McCormick, M. E. and Bhattacharyya, R.},
title = {Drag reduction of a submersible hull by electrolysis},
journal = {Nav. Eng. J.},
volume = {85},
number = {2},
pages = {11-16},
year = {1973},
}
@article{Einstein1906,
author = {Einstein, A.},
title = {Eine neue Bestimmung der Moleküldimensionen},
year={1906},
journal = {Ann. Phys.},
volume = {324},
number = {2},
pages = {289-306},
}

%introduction bubble size
@article{Verschoof2016,
author = {Verschoof, R.A. and van der Veen, R. C. A. and Sun, C. and Lohse, D.},
journal = {Phys. Rev. Lett.},
volume = {117},
title = {{Bubble drag reduction requires large bubbles}},
pages = {104502},
year = {2016}}

@article{Lu2005,
author = {J. Lu and A. Fernández and G. Tryggvason},
title = {The effect of bubbles on the wall drag in a turbulent channel flow},
journal = {Phys. Fluids},
volume = {17},
number = {9},
pages = {095102},
year = {2005},
}
@article{vanGils2013,
author={van Gils, D. P. M. and Narezo Guzman, D. and Sun, C. and Lohse, D.},
title={{The importance of bubble deformability for strong drag reduction in bubbly turbulent {Taylor--Couette} flow}},
volume={722},
journal={J. Fluid Mech.},
year={2013},
pages={317--347}
}
@article{vandenBerg2007,
	Author = {T. H. van den Berg and D. P. M. van Gils and D. P. Lathrop and D. Lohse},
	Journal = {Phys. Rev. Lett.},
	Pages = {084501},
	Title = {Bubbly turbulent drag reduction is a boundary layer effect},
	Volume = {98},
	Year = {2007}}

@article{vandenBerg2005,
	Author = {T. H. van den Berg and S. Luther and D. P. Lathrop and D. Lohse},
	Journal = {Phys. Rev. Lett.},
	Pages = {044501},
	Title = {Drag reduction in bubbly {Taylor--Couette} turbulence},
	Volume = {94},
	Year = {2005}}

%introduction flat plate + TC bubbles moving away
@article{Sanders2006,
author={Sanders, W. C. and Winkel, E S. and Dowling, D. R. and Perlin, M. and Ceccio, S. L.},
title={Bubble friction drag reduction in a {high-Reynolds-number} flat-plate turbulent boundary layer},
volume={552},
journal={J. Fluid Mech.},
year={2006},
pages={353--380}
}

@article{Verschoof2018,
title={{The influence of wall roughness on bubble drag reduction in Taylor--Couette turbulence}},
volume={851},
journal={J. Fluid Mech.},
author={Verschoof, R. A. and Bakhuis, D. and Bullee, P. A. and Huisman, S. G. and Sun, C. and Lohse, D.},
year={2018},
pages={436--446}
}
@article{Fokoua2015,
author = {Fokoua, G. N. and Gabillet, C. and Aubert, A. and Colin, C.},
title = {{Effect of bubble's arrangement on the viscous torque in bubbly Taylor--Couette flow}},
journal={Phys. Fluids},
pages = {034105},
volume = {27},
number={3},
year = {2015},
}

%introduction air layer
@article{Elbing2008,
title={Bubble-induced skin-friction drag reduction and the abrupt transition to air-layer drag reduction},
volume={612},
journal={J. Fluid Mech.},
author={Elbing, B. R. and Winkel, E. S. and Lay, K. A. and Ceccio, S. L. and Dowling, D.R. and Perlin, M.},
year={2008},
pages={201--236}
}
@ARTICLE{Verschoof2017,
   author = {{Verschoof}, R. A. and {Bakhuis}, D. and {Bullee}, P. A. and
	{Huisman}, S. G. and {Sun}, C. and {Lohse}, D.},
    title = {Air cavities at the inner cylinder of turbulent {Taylor--Couette} flow},
journal = {Int. J. Multiph. Flow},
volume = {105},
pages = {264--273},
year = {2018},

}
@PhdThesis{Zverkhovskyi2014,
author = {Zverkhovskyi, O.},
title ={Ship drag reduction by air cavities},
school = {Delft University of Technology, Delft, NL},
year = {2014},
}

%introduction sh surfaces
@Article{Fukuda2000,
author="Fukuda, K. and Tokunaga, J. and Nobunaga, T. and Nakatani, T. and Iwasaki, T. and Kunitake, Y.",
title="Frictional drag reduction with air lubricant over a {super-water-repellent} surface",
journal="J. Mar. Sci. Technol.",
year="2000",
volume="5",
number="3",
pages="123--130",
}
@article{Domingues2017,
author = {Domingues, E. M. and Arunachalam, S. and Mishra, H.},
title = {Doubly Reentrant Cavities Prevent Catastrophic Wetting Transitions on Intrinsically Wetting Surfaces},
journal = {ACS Appl. Mater. Interfaces},
volume = {9},
pages = {21532--21538},
year = {2017},
}

@article{Peters2009,
author = {Peters, A. M. and Pirat, C. and Sbragaglia, M. and Borkent, B. M. and Wessling, M. and Lohse, D. and Lammertink, R. G. H.},
journal = {Eur. Phys. J. E},
pages = {391--397},
title = {{Cassie-Baxter to Wenzel state wetting transition: Scaling of the front velocity}},
volume = {29},
year = {2009}
}

@article{Tsai2009,
author = {Tsai, T. and Peters, A. M. and Pirat, C. and Wessling, M. and Lammertink, R. G H and Lohse, D.},
journal = {Phys. Fluids},
pages = {112002},
title = {{Quantifying effective slip length over micropatterned hydrophobic surfaces}},
volume = {21},
year = {2009}
}

@article{Qi2009,
author = {Qi, D. and Lu, N. and Xu, H. and Yang, B. and Huang, C. and Xu, M. and Gao, L. and Wang, Z. and Chi, L.},
title = {Simple Approach to Wafer-Scale Self-Cleaning Antireflective Silicon Surfaces},
journal = {Langmuir},
volume = {25},
pages = {7769--7772},
year = {2009},
}

@article{Haase2013,
author = {Haase, A. S. and Karatay, E. and Tsai, P. A. and Lammertink, R. G. H.},
journal = {Soft Matter},
issue={37},
pages = {8949--8957},
title = {{Momentum and mass transport over a bubble mattress: the influence of interface geometry}},
volume = {9},
year = {2013}
}
%introduction laminar SH DR

@article{Bixler2013,
author = {Bixler, G. D. and Bhushan, B.},
journal = {Soft Matter},
issue={5},
pages = {1620--1635},
title = {{Bioinspired micro/nanostructured surfaces for oil drag reduction in closed channel flow}},
volume = {9},
year = {2013}
}
%introduction bubbles in flow merging with SH surfaces
@article{Wang2012,
author = {Wang, J. and Yang, Q. and Wang, M. and Wang, C. and Jiang, L.},
journal = {Soft Matter},
pages = {2261--2266},
title = {{Rose petals with a novel and steady air bubble pinning effect in aqueous}},
volume = {8},
issue={7},
year = {2012}
}

%review article SH
@article{Rothstein2010,
author = {Rothstein, J. P.},
journal = {Annu. Rev. Fluid Mech.},
pages = {89--109},
title = {{Slip on Superhydrophobic Surfaces}},
volume = {42},
year = {2010}
}
%review articles bubble and air layer DR
@article{Ceccio2010,
author = {Ceccio, S. L.},
journal = {Annu. Rev. Fluid Mech.},
pages = {183--203},
title = {{Friction drag reduction of external flows with bubble and gas injection}},
volume = {42},
year = {2010}
}
@article{Murai2014,
author = {Murai, Y.},
journal = {Exp. Fluids},
number = {7},
title = {{Frictional drag reduction by bubble injection}},
volume = {55},
year = {2014},
pages={1773}
}
% review article SH surfaces
@article{Li2007,
author = {Li, X. and Reinhoudt, D. and {Crego-Calama}, M},
journal = {Chem. Soc. Rev.},
pages = {1350--1368},
title = {{What do we need for a superhydrophobic surface? A review on the recent progress in the preparation of superhydrophobic surfaces}},
volume = {36},
year = {2007}
}
%introduction size of SH surfaces rough for bigger ones
@article{Hokmabad2016,
author = {Hokmabad, B. V. and Ghaemi, S.},
journal = {Phys. Fluids},
pages = {015112},
title = {{Turbulent flow over wetted and non-wetted superhydrophobic counterparts with random structure}},
volume = {28},
number={1},
year = {2016}
}

%introduction third lengthscale turbulent SH DR
@article{Daniello2009,
author = {Daniello, R. J. and Waterhouse, N. E. and Rothstein, J. P.},
journal = {Phys. Fluids},
number = {8},
pages = {085103},
title = {{Drag reduction in turbulent flows over superhydrophobic surfaces}},
volume = {21},
year = {2009}
}

@article{Park2013,
author = {Park, H. and Park, H. and Kim, J.},
journal = {Phys. Fluids},
number = {25},
pages = {110815},
title = {A numerical study of the effects of superhydrophobic surface on skin-friction drag in turbulent channel flow},
volume = {25},
year = {2013}
}

@article{Bidkar2014,
	Author = {Bidkar, R. A. and Leblanc, L. and Kulkarni, A. J. and Bahadur, V. and Ceccio, S. L. and Perlin, M.},
	Journal = {Phys. Fluids},
	volume = {26},
  number = {8},
	Pages = {085108},
	Title = {Skin-friction drag reduction in the turbulent regime using random-textured hydrophobic surfaces},
	Year = {2014}
	}

%introduction water channel and towing tank
@article{Ling2016,
author = {Ling, H. and Srinivasan, S. and Golovin, K. and Mckinley, G. H. and Tuteja, A. and Katz, J. },
journal = {J. Fluid Mech.},
pages = {670--703},
title = {{High-resolution velocity measurement in the inner part of turbulent boundary layers over super-hydrophobic surfaces}},
volume = {801},
year = {2016}
}
@article{Aljallis2013,
author = {Aljallis, E. and Sarshar, M. A. and Datla, R. and Sikka, V. and Jones, A. and Choi, C.},
journal = {Phys. Fluids},
number = {2},
pages = {025103},
title = {{Experimental study of skin friction drag reduction on superhydrophobic flat plates in high Reynolds number boundary layer flow}},
volume = {25},
year = {2013}
}
%Spraycoating
@article{Srinivasan2011,
author = "Srinivasan, S. and Chhatre, S. S. and Mabry, J. M. and Cohen, R. E. and McKinley, G. H.",
title = "Solution spraying of poly(methyl methacrylate) blends to fabricate microtextured, superoleophobic surfaces",
journal = "Polymer",
volume = "52",
number = "14",
pages = "3209-3218",
year = "2011",
}

%introduction TC superhydrophobic
@article{Greidanus2011,
author = {Greidanus, A. J. and Delfos, R. and Westerweel, J.},
journal = {J. Phys. Conf. Ser.},
number = {8},
pages = {082016},
title = {{Drag reduction by surface treatment in turbulent Taylor--Couette flow}},
volume = {318},
year = {2011}
}
@article{Srinivasan2015,
author = {Srinivasan, S. and Kleingartner, J. A. and Gilbert, J. B. and Cohen, R. E. and Milne, A. J. B. and McKinley, G. H.},
journal = {Phys. Rev. Lett.},
pages = {014501},
title = {{Sustainable drag reduction in turbulent Taylor--Couette flows by depositing sprayable superhydrophobic surfaces}},
volume = {114},
year = {2015}
}

%Introduction plastron

@article{Panchanathan2018,
author = {Panchanathan, D. and Rajappan, A. and Varanasi, K. K. and {McKinley, G. H.}},
title = {{Plastron Regeneration on Submerged Superhydrophobic Surfaces Using In Situ Gas Generation by Chemical Reaction}},
journal = {ACS Appl. Mater. Interfaces},
volume = {10},
number = {39},
pages = {33684--33692},
year = {2018}
}

@article{Lv2014,
title = {Metastable States and Wetting Transition of Submerged Superhydrophobic Structures},
author = {Lv, P. and Xue, Y. and Shi, Y. and Lin, H. and Duan, H.},
journal = {Phys. Rev. Lett.},
volume = {112},
pages = {196101},
year = {2014}
}

@article{Xiang2016,
author = {Xiang, Y. and Xue, Y. and Lv, P. and Li, D. and Duan, H.},
journal = {Soft Matter},
pages = {4241--4246},
title = {{Influence of fluid flow on the stability and wetting transition of submerged superhydrophobic surfaces}},
volume = {12},
issue={18},
year = {2016}
}

@article{Xiang2017,
title = {{Ultimate Stable Underwater Superhydrophobic State}},
author = {Xiang, Y. and Huang, S. and Lv, P. and Xue, Y. and Su, Qiang. and Duan, H.},
journal = {Phys. Rev. Lett.},
volume = {119},
pages = {134501},
year = {2017}
}

@article{Hokmabad2017,
author = {Hokmabad, B .V. and Ghaemi ,S.},
journal = {Sci. Rep.},
pages = {41448},
title = {{Effect of Flow and Particle-Plastron Collicion on the Longevity of Superhydrophobicity}},
volume = {7},
year = {2017}
}

@article{Reholon2018,
author = {Reholon, D. and Ghaemi, S.},
journal = {Phys. Rev. Fluids},
pages = {104003},
title = {{Plastron morphology and drag of a superhydrophobic surface in turbulent regime}},
volume = {3},
year = {2018}
}


%introduction TC ridges hydrophobic
@article{Rosenberg2016,
author = {Rosenberg, B. J. and {Van Buren}, T.  and Fu, M. K. and Smits, A. J.},
journal = {Phys. Fluids},
number = {1},
title = {{Turbulent drag reduction over air- and liquid- impregnated surfaces}},
volume = {28},
year = {2016},
pages={015103}
}

@article{vanBuren2017,
author = {{Van Buren}, T. and Smits, A. J.},
journal = {J. Fluid Mech.},
title = {{Substantial drag reduction in turbulent flows using liquid-infused surfaces}},
volume = {827},
year = {2017},
pages={448--456}
}

%introduction feature size DNS
@article{Martell2009,
author = {Martell, M. B. and Perot, J. B. and Rothstein, J. P.},
journal = {J. Fluid Mech.},
title = {Direct numerical simulations of turbulent flows over superhydrophobic surfaces},
volume = {620},
year = {2009},
pages={31--41}
}

@article{Ostilla-Monico2014,
	title={{Exploring the phase diagram of fully turbulent Taylor--Couette flow}},
	volume={761},
	journal={J. Fluid Mech.},
	author={Ostilla-M\'{o}nico, R. and van der Poel, E. P. and Verzicco, R. and Grossmann, S. and Lohse, D.},
	year={2014},
	pages={1--26}
}

%introduction TC is closed
@article{Grossmann2016,
author = {Grossmann, S. and Lohse, D. and Sun, C.},
journal = {Annu. Rev. Fluid Mech.},
title = {{High--Reynolds Number Taylor--Couette Turbulence}},
volume = {48},
year = {2016},
pages={53--80}
}
%introduction TC with roughness
@article{Zhu2018,
author = {Zhu, X. and Verschoof, R. A. and Bakhuis, D. and Huisman, S. G. and Verzicco, R. and Sun, C. and Lohse, D.},
journal = {Nat. Phy.},
title = {{Wall roughness induces asymptotic ultimate turbulence}},
year = {2018},
Pages = {417--423},
Volume = {14}
}
@article{vandenBerg2003,
author = {van den Berg, T. H. and Doering, C. R. and Lohse, D. and Lathrop, D. P.},
journal = {Phys. Rev. E},
pages = {036307},
title = {{Smooth and rough boundaries in turbulent Taylor--Couette flow}},
volume = {68},
number={3},
year = {2003}
}
@article{Cadot1997,
author = {Cadot, O. and Couder, Y. and Daerr, A. and Douady, S. and Tsinober, A},
journal = {Phys. Rev. E},
number = {1},
pages = {427--433},
title = {{Energy injection in closed turbulent flows: Stirring through boundary layers versus inertial stirring}},
volume = {56},
year = {1997}
}
% experimental method u_tau
%Ruben suggested this one, Huisman also uses it, but I can't really it, so I use Huisman's logarithmic BL paper instead
@article{vanGils2011PRL,
  title = {{}Torque Scaling in Turbulent Taylor--Couette Flow with Co- and Counterrotating Cylinders}},
  author = {Van Gils, Dennis P. M. and Huisman, Sander G. and Bruggert, Gert-Wim and Sun, Chao and Lohse, Detlef},
  journal = {Phys. Rev. Lett.},
  volume = {106},
  pages = {024502},
  year = {2011},
}
%Silvery glow section
@article{Park2015,
author = {Park, S. and Lee, S. and Moreira, D. and Bandaru, P. R. and Han, I. and Yun, D.},
journal = {Sci. Rep.},
pages = {15430},
title = {{Bioinspired superhydrophobic surfaces, fabricated through simple and scalable roll-to-roll processing}},
volume = {5},
year = {2015}
}
@article{Dong2013,
author = {Dong, H. and Cheng, M. and Zhang, Y. and Wei, H. and Shi, F.},
journal = {J. Mater. Chem. A},
pages = {5886--5891},
title = {{Extraordinary Drag-Reducing Effect of a Superhydrophobic Coating on a Macroscopic Model Ship at High Speed}},
volume = {1},
issue={19},
year = {2013}
}
@article{Park2014,
author = {Park, H. and Sun, G. and Kim, C.},
journal = {J. Fluid Mech.},
pages = {722--734},
title = {{Superhydrophobic turbulent drag reduction as a function of surface grating parameters}},
volume = {747},
year = {2014}
}
@article{Poetes2010,
author = {Poetes, R. and Holtzmann, K. and Franze, K. and Steiner, U.},
journal = {Phys. Rev. Lett.},
pages = {166104},
title = {{Metastable underwater superhydrophobicity}},
volume = {105},
year = {2010}
}
@book{Pope,
title={Turbulent Flows},
publisher={Cambridge University Press},
author={Pope, S. B.},
year={2000}}

@article{Shirtcliffe2006,
author = {Shirtcliffe, N. J. and McHale, G. and Newton, M. I. and Perry, C. C. and Pyatt, F. B.},
journal = {Appl. Phys. Lett.},
pages = {104106},
title = {{Plastron properties of a superhydrophobic surface}},
volume = {89},
number={10},
year = {2006}
}
@article{McHale2009,
author = {{McHale}, G. and Shirtcliffe, N. J. and Evans, C. R. and Newton, M. I.},
journal = {Appl. Phys. Lett.},
pages = {064104},
title = {{Terminal velocity and drag reduction measurements on superhydrophobic spheres Terminal velocity and drag reduction measurements on superhydrophobic}},
volume = {94},
number={6},
year = {2009}
}
@article{Mchale2011,
author = {{McHale}, G. and Flynn, M. R. and Newton, M. I.},
journal = {Soft Matter},
pages = {10100--10107},
title = {{Plastron induced drag reduction and increased slip on a superhydrophobic}},
volume = {7},
issue={11},
year = {2011}
}

@article{Spandan2018,
title={Physical mechanisms governing drag reduction in turbulent {Taylor--Couette} flow with finite-size deformable bubbles},
volume={849},
journal={J. Fluid Mech.},
author={Spandan, V. and Verzicco, R. and Lohse, D.},
year={2018},
pages={R3}
}

%introduction Roughness
@article{Busse2017,
author = {Busse, A. and Thakkar, M. and Sandham, N. D.},
journal = {J. Fluid Mech.},
pages = {196--224},
title = {{Reynolds-number dependence of the near-wall flow over irregular rough surfaces}},
volume = {810},
year = {2017}
}

@article{Flack2010,
author = {Flack, K. A. and Schultz, M. P.},
journal = {J. Fluids Eng.},
pages = {0412301},
title = {{Review of Hydraulic Roughness Scales in the Fully Rough Regime}},
volume = {132},
year = {2010}
}
@article{Jimenez2004,
author = {Jim\'{e}nez, J.},
journal = {Annu. Rev. Fluid Mech.},
pages = {173--196},
title = {{Turbulent Flows over Rough Walls}},
volume = {36},
year = {2004}
}
@article{Flack2012,
author = {Flack, K. A. and Schultz, M. P and Rose, W. B.},
journal = {Int. J. Heat Fluid Flow},
pages = {160--167},
title = {{The onset of roughness effects in the transitionally rough regime}},
volume = {35},
year = {2012}
}
@article{MacDonald2016,
author = {MacDonald, M. and Chan, L. and Chung, D. and Hutchins, N. and Ooi, A.},
journal = {J. Fluid Mech.},
pages = {130--161},
title = {{Turbulent flow over transitionally rough surfaces with varying roughness densities}},
volume = {804},
year = {2016}
}

%Spanwise roughness
@article{Barros2014,
title={Observations of turbulent secondary flows in a rough-wall boundary layer},
volume={748},
journal={J. Fluid Mech.},
author={Barros, Julio M. and Christensen, Kenneth T.},
year={2014},
pages={748}
}

@article{Chung2018,
title={Similarity and structure of wall turbulence with lateral wall shear stress variations},
volume={847},
journal={J. Fluid Mech.},
author={Chung, D. and Monty, J. P. and Hutchins, N.},
year={2018},
pages={591--613}
}

@article{Bakhuis2019,
  title={{Controlling secondary flow in Taylor--Couette turbulence through spanwise-varying roughness}},
  author={Bakhuis, D. and Ezeta, R. and Berghout, P. and Bullee, P. A. and Tai, N. C. and Chung, D. and Verzicco, R. and Lohse, D. and Huisman, S. G. and Sun, C.},
	volume={883},
	journal={J. Fluid Mech.},
	year={2020},
	pages={A15}
}

@article{Zhu2017,
title = "Disentangling the origins of torque enhancement through wall roughness in {Taylor-–Couette} turbulence",
author = "Zhu ,X. and Verzicco, R. and Lohse, D.",
volume = "812",
pages = "279--293",
year = "2017",
journal = "J. Fluid Mech."
}

@article{Schultz2004,
title = "{Frictional Resistance of Antifouling Coating Systems}",
author = "Schultz, M. P.",
volume = "126",
pages = "1039--1047",
year = "2004",
journal = "J. Fluid Eng."
}

@article{Demirel2017,
title = "Predicting the effect of biofouling on ship resistance using CFD",
journal = "{Appl. Ocean Res.}",
volume = "62",
pages = "100--118",
year = "2017",
author = "Demirel, Y. K. and Turan, O. and Incecik, A.",
}

@article{Demirel20172,
author = {Demirel, Y. K.  and Uzun, D. and Zhang, Y. and Fang, H. and Day, A. H. and Turan, O.},
title = {Effect of barnacle fouling on ship resistance and powering},
journal = {Biofouling},
volume = {33},
number = {10},
pages = {819--834},
year  = {2017},
}

@Article{Deutsch2004,
author="Deutsch, S. and Moeny, M. and Fontaine, A. A. and Petrie, H.",
title="Microbubble drag reduction in rough walled turbulent boundary layers with comparison against polymer drag reduction",
journal="Exp. Fluids",
year="2004",
volume="37",
number="5",
pages="731--744"
}

@article{Schultz2007,
	Author = {Schultz, Michael P.},
	Journal = {Biofouling},
	Pages = {331--341},
	Title = {Effects of coating roughness and biofouling on ship resistance and powering},
	Volume = {23},
	Year = {2007}
}

@book{Townsend1976,
	Author = {Townsend, A. A.},
	Edition = {2nd},
	Publisher = {Cambridge University Press},
	Title = {The Structure of Turbulent Shear Flow},
	Year = {1976}
}


@article{Willingham2014,
	Author = {Willingham, D. and Anderson, W. and Christensen, K. T. and Barros, J. M.},
	Journal = {Phys. Fluids},
	volume = {26},
  number = {2},
	Pages = {025111},
	Title = {{Turbulent boundary layer flow over transverse aerodynamic roughness transitions: Induced mixing and flow characterization}},
	Year = {2014}}

	@article{Hinze1967,
	author = {Hinze, J. O. },
	title = {{Secondary Currents in Wall Turbulence}},
	journal = {Phys. Fluids},
	volume = {10},
	number = {9},
	pages = {S122--S125},
	year = {1967}
	}

	@article{Bons2001,
    author = {Bons, J. P.  and Taylor, R. P.  and McClain, S. T.  and Rivir, R. B. },
    title = "{The Many Faces of Turbine Surface Roughness }",
    journal = {J. Turbomach.},
    volume = {123},
    number = {4},
    pages = {739--748},
    year = {2001},
  }
@article{Magnaudet2000,
author = {Magnaudet, J. and Eames, I.},
title = {{The Motion of High-Reynolds-Number Bubbles in Inhomogeneous Flows}},
journal = {Annu. Rev. Fluid Mech.},
Volume = 	{32},
pages = {659--709},
year = {2000}
}

@article{Mazzitelli2003,
author = {Mazzitelli, I. M. and Lohse, D. and Toschi, F.},
title = {{The effect of microbubbles on developed turbulence}},
journal = {Phys. Fluids},
volume = {15},
number = {1},
pages = {L5--L8},
year = {2003}
}

@article{Climent2007,
author = {Climent, E. and Simonnet, M. and Magnaudet, J.},
title = {{Preferential accumulation of bubbles in Couette--Taylor flow patterns}},
journal = {Phys. Fluids},
volume = {19},
pages = {083301},
year = {2007}
}

@article{Djeridi1999,
author = {Dj\'{e}ridi, H. and Fav\'{e}, J-F. and Billard, J-Y. and Fruman, D. H.},
journal = {Exp. Fluids},
title = {{Bubble capture and migration in Couette--Taylor flow}},
volume = {26},
year = {1999},
pages={233--239}
}

@article{Chouippe2014,
author = {Chouippe, A. and Climent, E. and Legendre, D. and Gabillet, C.},
title = {{Numerical simulation of bubble dispersion in turbulent Taylor--Couette flow}},
journal = {Phys. Fluids},
volume = {26},
pages = {043304},
year = {2014}
}

@article{Lohse2018,
  title = {{Bubble puzzles: From fundamentals to applications}},
  author = {Lohse, D.},
  journal = {Phys. Rev. Fluids},
  volume = {3},
  issue = {11},
  pages = {110504},
  year = {2018}
}

@article{Huisman2013,
Author = {Huisman, S. G. and Scharnowski, S. and Cierpka, C. and K\"ahler, C. J. and Lohse, D. and Sun, C.},
title = {{Logarithmic Boundary Layers in Strong Taylor--Couette Turbulence}},
journal = {Phys. Rev. Lett.},
volume = {110},
issue = {26},
pages = {264501},
year = {2013}
}

@article{Huisman2013b,
  title = {{Statistics of turbulent fluctuations in counter-rotating Taylor--Couette flows}},
  author = {Huisman, S. G. and Lohse, D. and Sun, C.},
  journal = {Phys. Rev. E},
  volume = {88},
  issue = {6},
  pages = {063001},
  year = {2013}
}

@article{Eckhardt2007,
	title={{Torque scaling in turbulent Taylor--Couette flow between independently rotating cylinders}},
	volume={581},
	journal={J. Fluid Mech.},
	author={Eckhardt, B. and Grossmann, S. and Lohse, D.},
	year={2007},
	pages={221--250}
}

@article{Marusic2010,
author = {Marusic, I. and McKeon, B. J. and Monkewitz, P. A. and Nagib, H. M. and Smits,A. J. and Sreenivasan, K. R.},
title = {{Wall-bounded turbulent flows at high Reynolds numbers: Recent advances and key issues}},
journal = {Phys. Fluids},
volume = {22},
number = {6},
pages = {065103},
year = {2010},
}

@article{Fardin2014,
author ={Fardin, M. A. and Perge, C. and Taberlet, N.},
title  ={{The hydrogen atom of fluid dynamics” --- introduction to the Taylor--Couette flow for soft matter scientists}},
journal  ={Soft Matter},
year  ={2014},
volume  ={10},
issue  ={20},
pages  ={3523--3535},
}

@article{Andereck1986,
title={{Flow regimes in a circular Couette system with independently rotating cylinders}},
volume={164},
journal={J. Fluid Mech.},
author={Andereck, C. D. and Liu, S. S. and Swinney, H. L.},
year={1986},
pages={155--183}
}

@InProceedings{Rotte2016,
    author = {Rotte, G. M. and Zverkhovskyi, O. and Kerkvliet, M. and van Terwisga, T. J. C.},
    title = {On the physical mechanisms for the numerical modelling of flows around air lubricated ships},
    booktitle = {Proceedings of the 12th International Conference on Hydrodynamics - ICHD 2016},
    year = {2016} ,
}

@article{Lu2008,
author = {Lu, J. and Tryggvason, G.},
title = {Effect of bubble deformability in turbulent bubbly upflow in a vertical channel},
journal = {Phys. Fluids},
volume = {20},
number = {4},
pages = {040701},
year = {2008},
}

@article{Dabiri2014,
author = {Dabiri, S. and Lu, J. and Tryggvason, G.},
title = {Transition between regimes of a vertical channel bubbly upflow due to bubble deformability},
journal = {Phys. Fluids},
volume = {25},
number = {10},
pages = {102110},
year = {2013},
}

@article{Murai2005,
	year = 2005,
	volume = {14},
	pages = {143--156},
	author = {Murai, Y. and Oiwa, H. and Takeda, Y.},
	title = {Bubble behavior in a vertical {Taylor--Couette} flow},
	journal = {J. Phys.: Conference Series},
	}

	@article{Yeginbayeva2018,
	author = {Yeginbayeva, I. A. and Atlar, M.},
	title = {An experimental investigation into the surface and hydrodynamic characteristics of marine coatings with mimicked hull roughness ranges},
	journal = {Biofouling},
	volume = {34},
	number = {9},
	pages = {1001--1019},
	year  = {2018},
	}

	@article{Dong2008,
	title={{Turbulent flow between counter-rotating concentric cylinders: a direct numerical simulation study}},
	volume={615},
	journal={J. Fluid Mech.},
	author={Dong, S.},
	year={2008},
	pages={371--399}
	}

@article{Mathai2019,
    title={Bubbly and buoyant particle laden turbulent flows},
    journal={Annu. Rev. Condens. Matter Phys.},
    year={2019},
    volume={11},
    pages={1--39},
    author={Mathai, V. and Lohse, D. and Sun, C.},
}

@article{Loisy2017,
  title = {Interaction between a large buoyant bubble and turbulence},
  author = {Loisy, A. and Naso, A.},
  journal = {Phys. Rev. Fluids},
  volume = {2},
  issue = {1},
  pages = {014606},
  year = {2017},
  }

	@article{Elghobashi2019,
	author = {Elghobashi, S.},
	title = {{Direct Numerical Simulation of Turbulent Flows Laden with Droplets or Bubbles}},
	journal = {Annu. Rev. Fluid Mech.},
	volume = {51},
	number = {1},
	pages = {217--244},
	year = {2019},
	}

	@article{Reeks1983,
	author = {Reeks, M. W.},
	title = {The transport of discrete particles in inhomogeneous turbulence},
	year = {1983},
	journal = {J. Aerosol Sci.},
	vol = {14},
	issue = {6},
	pages = {729--739},
	}

	@article{Berghout2019,
	title={{Direct numerical simulations of Taylor--Couette turbulence: the effects of sand grain roughness}},
	volume={873},
	journal={J. Fluid Mech.},
	author={Berghout, P. and Zhu, X. and Chung, D. and Verzicco, R. and Stevens, R. J. A. M. and Lohse, D.},
	year={2019},
	pages={260--286}
	}

@article{Saranadhi2016,
	author = {Saranadhi, D. and Chen, D. and Kleingartner, J. A. and Srinivasan, S. and Cohen, R. E. and McKinley, G. H.},
	journal = {Sci. Adv.},
	number = {10},
	title = {{Sustained drag reduction in a turbulent flow using a low-temperature Leidenfrost surface}},
	volume = {2},
	year = {2016},
	pages = {e1600686}
	}

@ARTICLE{Balbus1991,
    author = {{Balbus}, Steven A. and {Hawley}, John F.},
    title = "{A Powerful Local Shear Instability in Weakly Magnetized Disks. I. Linear Analysis}",
    journal = {Astrophys. J.},
    year = {1991},
    volume = {376},
    pages = {214},
}

@article{Beaudoin1989,
    author = {Beaudoin, G. and Jaffrin, M. Y.},
    title = {Plasma Filtration in Couette Flow Membrane Devices},
    journal = {Artif. Organs},
    volume = {13},
    number = {1},
    pages = {43--51},
    year = {1989}
}

@article{Wereley1999,
    author = {Wereley, Steven T.  and Lueptow, Richard M.},
    title = {Inertial particle motion in a {{Taylor--Couette}} rotating filter},
    journal = {Phys. Fluids},
    volume = {11},
    number = {2},
    pages = {325--333},
    year = {1999}
}

@article{Marchioli2002, 
title={Mechanisms for particle transfer and segregation in a turbulent boundary layer}, 
volume={468},
journal={J. Fluid Mech.}, 
author={Marchioli, Cristian and Soldati, Aalfredo}, 
year={2002}, 
pages={283-–315}
}

@article{Bakhuis2018,
title={Mixed insulating and conducting thermal boundary conditions in Rayleigh–Bénard convection}, 
volume={835},
journal={J. Fluid Mech.}, 
author={Bakhuis, Dennis and Ostilla-Mónico, Rodolfo and van der Poel, Erwin P. and Verzicco, Roberto and Lohse, Detlef}, 
year={2018}, 
pages={491--511}
}

@article{Chan2018, 
title={Secondary motion in turbulent pipe flow with three-dimensional roughness}, volume={854},
journal={J. Fluid Mech.}, 
author={Chan, L. and MacDonald, M. and Chung, D. and Hutchins, N. and Ooi, A.}, year={2018}, 
pages={5--33}
}

@article{vanGils2012,
author = {van Gils,Dennis P. M. and Huisman,Sander G. and Grossmann,Siegfried and Sun,Chao and Lohse,Detlef},
title = {Optimal {Taylor--Couette} turbulence},
journal = {J. Fluid Mech.},
volume = {706},
year = {2012},
pages = {118--149},
}

@article{FLM:9230343,
author = {Ostilla-Mónico,Rodolfo and Huisman,Sander G. and Jannink,Tim J. G. and Van Gils,Dennis P. M. and Verzicco,Roberto and Grossmann,Siegfried and Sun,Chao and Lohse,Detlef},
title = {Optimal Taylor–Couette flow: radius ratio dependence},
journal = {J. Fluid Mech.},
volume = {747},
month = {5},
year = {2014},
pages = {1--29},
}

@article{Ostilla2014,
    author = {Ostilla-Mónico,Rodolfo and Huisman,Sander G. and Jannink,Tim J. G. and Van Gils,Dennis P. M. and Verzicco,Roberto and Grossmann,Siegfried and Sun,Chao and Lohse,Detlef},
    title = {Optimal {Taylor–-Couette} flow: radius ratio dependence},
    journal = {J. Fluid Mech.},
    volume = {747},
    month = {5},
    year = {2014},
    pages = {1--29},
}