
@article{Abcha2018,
	Author = {Abcha, Nizar and Kelai, Fay{\c c}al and Latrache, Noureddine and Crumeyrolle, Olivier and Mutabazi, Innocent},
	Journal = {Nonlinear Waves and Pattern Dynamics},
	Pages = {181--196},
	Title = {{Radial Propagation of the Instability Modes Observed in a Viscoelastic Couette--Taylor Flow}},
	Year = {2018}}

@article{Ahlers2009,
	Author = {G. Ahlers and S. Grossmann and D. Lohse},
	Journal = {Rev. Mod. Phys.},
	Pages = {503--537},
	Title = {Heat transfer and large scale dynamics in turbulent {Rayleigh-B\'enard} convection},
	Volume = {81},
	Year = {2009}}

@article{Aichele2009,
	Author = {Aichele, Clint P. and Chapman, Walter G. and Rhyne, Lee D. and Subramani, Hariprasad J. and House, Waylon V.},
	Journal = {Energy Fuels},
	Pages = {3674--3680},
	Title = {{Analysis of Formation of Water-in-Oil Emulsions}},
	Volume = {23},
	Year = {2009}}

@article{Almeras2017,
	Author = {Elise Alm\'eras and Varghese Mathai and Detlef Lohse and Chao Sun},
	Journal = {J. Fluid Mech.},
	Pages = {1091--1112},
	Title = {Experimental investigation of the turbulence induced by a bubble swarm rising within incident turbulence},
	Volume = {825},
	Year = {2017}}

@article{Alwasiti2017,
	Author = {Alwasiti, A. A. and Farhan, N. M.},
	Journal = {Eng. Technol. J.},
	Pages = {106--110},
	Title = {{{Effect of Surfactant Additives on Phase Inversion in Oil-Water Pipe Flow System}}},
	Volume = {35},
	Year = {2017}}

@article{Andereck1986,
	Author = {Andereck, C. David and Liu, S. S. and Swinney, Harry L.},
	Journal = {J. Fluid Mech.},
	Pages = {155--183},
	Title = {{{Flow regimes in a circular Couette system with independently rotating cylinders}}},
	Volume = {164},
	Year = {1986}}

@article{Anderson2015,
	Author = {Anderson, William and Barros, Julio M. and Christensen, Kenneth T. and Awasthi, Ankit},
	Journal = {J. Fluid Mech.},
	Pages = {316--347},
	Title = {Numerical and experimental study of mechanisms responsible for turbulent secondary flows in boundary layer flows over spanwise heterogeneous roughness},
	Volume = {768},
	Year = {2015}}

@article{Andersson2006,
	Author = {Andersson, Ronnie and Andersson, Bengt},
	Journal = {AIChE J.},
	Pages = {2020--2030},
	Title = {On the breakup of fluid particles in turbulent flows},
	Volume = {52},
	Year = {2006}}

@article{Andersson2012,
	Author = {Andersson, Helge I. and Zhao, Lihao and Barri, Mustafa},
	Journal = {J. Fluid Mech.},
	Pages = {319--329},
	Title = {Torque-coupling and {particle--turbulence} interactions},
	Volume = {696},
	Year = {2012}}

@article{Andric2014,
	Author = {{Andri\'c}, J. and {Lindstr\"om}, S.B. and Sasic, S. and Nilsson, H.},
	Journal = {J. Non-Newton. Fluid},
	Pages = {36--46},
	Title = {Rheological properties of dilute suspensions of rigid and flexible fibers},
	Volume = {212},
	Year = {2014}}

@article{Arashmid1980,
	Author = {Arashmid, M. and Jeffreys, G. V.},
	Journal = {AIChE J.},
	Pages = {51--55},
	Title = {Analysis of the phase inversion characteristics of liquid-liquid dispersions},
	Volume = {26},
	Year = {1980}}

@article{Ardekani2017,
	Author = {Niazi Ardekani, M. and Costa, P. and Breugem, W.-P. and Picano, F. and Brandt, L.},
	Journal = {J. Fluid Mech.},
	Pages = {43--70},
	Title = {Drag reduction in turbulent channel flow laden with {finite-size} oblate spheroids},
	Volume = {816},
	Year = {2017}}

@phdthesis{Ardekani2017Thesis,
	Author = {Mehdi Niazi Ardekani},
	School = {KTH Mechanics},
	Title = {Numerical study of non-spherical/spherical particles in laminar and turbulent flows},
	Year = {2017}}

@article{Bai2018,
	Author = {Bai, H. L. and Kevin and Hutchins, N. and Monty, J. P.},
	Journal = {Phys. Fluids},
	Pages = {055105},
	Title = {Turbulence modifications in a turbulent boundary layer over a rough wall with spanwise-alternating roughness strips},
	Volume = {30},
	Year = {2018}}

@article{Bakhuis2018,
	Author = {Bakhuis, Dennis and Verschoof, Ruben A. and Mathai, Varghese and Huisman, Sander G. and Lohse, Detlef and Sun, Chao},
	Journal = {J. Fluid Mech.},
	Pages = {246--261},
	Title = {Finite-sized rigid spheres in turbulent {{Taylor--Couette}} flow: effect on the overall drag},
	Volume = {850},
	Year = {2018}}

@article{Bakhuis2018b,
	Author = {Bakhuis, Dennis and {Ostilla-M\'onico}, Rodolfo and van der Poel, Erwin P. and Verzicco, Roberto and Lohse, Detlef},
	Journal = {J. Fluid Mech.},
	Pages = {491--511},
	Title = {Mixed insulating and conducting thermal boundary conditions in {{Rayleigh--B\'enard}} convection},
	Volume = {835},
	Year = {2018}}

@article{Balachandar2010,
	Author = {S. Balachandar and John K. Eaton},
	Journal = {Annu. Rev. Fluid Mech.},
	Pages = {111--133},
	Title = {Turbulent dispersed multiphase flow},
	Volume = {42},
	Year = {2010}}

@article{Barros2014,
	Author = {Barros, Julio M. and Christensen, Kenneth T.},
	Journal = {J. Fluid Mech.},
	Pages = {R1},
	Title = {Observations of turbulent secondary flows in a {rough-wall} boundary layer},
	Volume = {748},
	Year = {2014}}

@article{Beattie2004,
	Author = {Beattie, James K. and Djerdjev, Alex M.},
	Journal = {Angew. Chem. Int. Ed.},
	Pages = {3568--3571},
	Title = {{{The Pristine Oil/Water Interface: Surfactant-Free Hydroxide-Charged Emulsions}}},
	Volume = {43},
	Year = {2004}}

@article{Bec2006,
	Author = {Bec, J. and Biferale, L and Boffetta, G. and Celani, A. and Cencini, M. and Lanotte, A. and Musacchio, S. and Toschi, F.},
	Journal = {J. Fluid Mech.},
	Pages = {349--358},
	Title = {Acceleration statistics of heavy particles in turbulence},
	Volume = {550},
	Year = {2006}}

@article{Bec2010,
	Author = {Bec, J and Biferale, L and Lanotte, AS and Scagliarini, Andrea and Toschi, F},
	Journal = {J. Fluid Mech.},
	Pages = {497--528},
	Title = {Turbulent pair dispersion of inertial particles},
	Volume = {645},
	Year = {2010}}

@book{Becher2001,
	Author = {P. Becher},
	Publisher = {Oxford University Press},
	Title = {Emulsions: Theory and Practice},
	Year = {2001}}

@article{Bellani2012,
	Author = {Bellani, G. and Variano, E. A.},
	Journal = {new. J. Phys.},
	Pages = {125009},
	Title = {Slip velocity of large neutrally buoyant particles in turbulent flows},
	Volume = {14},
	Year = {2012}}

@article{Bellani2012b,
	Author = {Bellani, Gabriele and Byron, Margaret L. and Collignon, Audric G. and Meyer, Colin R. and Variano, Evan A.},
	Journal = {J. Fluid Mech.},
	Pages = {41--60},
	Title = {Shape effects on turbulent modulation by large nearly neutrally buoyant particles},
	Volume = {712},
	Year = {2012}}

@article{Bellani2013,
	Author = {Bellani, Gabriele and Nole, Michael A. and Variano, Evan A.},
	Journal = {Acta Mech.},
	Pages = {2291--2299},
	Title = {Turbulence modulation by large ellipsoidal particles: concentration effects},
	Volume = {224},
	Year = {2013}}

@article{Berghout2018,
	Author = {Berghout, P. and Zhu, Xiaojue and Verzicco, Roberto and Stevens, R. J. A. M. and Lohse, Detlef},
	Journal = {{{Desk drawer ME--247, meander building, University of Twente, the Netherlands}}},
	Title = {Direct numerical simulations of Taylor--Couete turbulence: the effect of sand grain roughness},
	Year = {2018}}

@article{Bernstein1994,
	Author = {Bernstein, Odette and Shapiro, Michael},
	Journal = {J. Aerosol Sci.},
	Pages = {113--136},
	Title = {Direct determination of the orientation distribution function of cylindrical particles immersed in laminar and turbulent shear flows},
	Volume = {25},
	Year = {1994}}

@article{Bhambri2017,
	Author = {Bhambri, Pallavi and Narain, Ravin and Fleck, Brian},
	Journal = {Polymers},
	Pages = {683},
	Title = {{Drag Reduction Using Polysaccharides in a {Taylor--Couette} Flow}},
	Volume = {9},
	Year = {2017}}

@article{Binks2002,
	Author = {Binks, Bernard P. and Clint, John H.},
	Journal = {Langmuir},
	Pages = {1270--1273},
	Title = {{{Solid Wettability from Surface Energy Components: Relevance to Pickering Emulsions}}},
	Volume = {18},
	Year = {2002}}

@article{Boxall2011,
	Author = {Boxall, John A. and Koh, Carolyn A. and Sloan, E. Dendy and Sum, Amadeu K. and Wu, David T.},
	Journal = {Langmuir},
	Pages = {104--110},
	Title = {{Droplet Size Scaling of {Water-in-Oil} Emulsions under Turbulent Flow}},
	Volume = {28},
	Year = {2011}}

@article{Bradshaw1987,
	Author = {Bradshaw, P},
	Journal = {Annu. Rev. Fluid Mech.},
	Pages = {53--74},
	Title = {{{Turbulent Secondary Flows}}},
	Volume = {19},
	Year = {1987}}

@article{Bragg2015,
	Author = {Bragg, Andrew D. and Ireland, Peter J. and Collins, Lance R.},
	Journal = {Phys. Rev. E},
	Pages = {023029},
	Title = {Mechanisms for the clustering of inertial particles in the inertial range of isotropic turbulence},
	Volume = {92},
	Year = {2015}}

@article{Brauner2002,
	Author = {Brauner, Neima and Ullmann, Amos},
	Journal = {Int. J. Multiph. Flow},
	Pages = {1177--1204},
	Title = {Modeling of phase inversion phenomenon in {two-phase} pipe flows},
	Volume = {28},
	Year = {2002}}

@article{Bremond2011,
	Author = {Bremond, Nicolas and {Dom\'ejean}, Hugo and Bibette, {J\'er\^ome}},
	Journal = {Phys. Rev. Lett.},
	Pages = {214502},
	Title = {{{Propagation of Drop Coalescence in a Two-Dimensional Emulsion: A Route towards Phase Inversion}}},
	Volume = {106},
	Year = {2011}}

@article{Brown2009,
	Author = {Brown, Rachel D. and Warhaft, Z. and Voth, Greg A.},
	Journal = {Phys. Rev. Lett.},
	Pages = {194501},
	Title = {{{Acceleration Statistics of Neutrally Buoyant Spherical Particles in Intense Turbulence}}},
	Volume = {103},
	Year = {2009}}

@article{Bullard2009,
	Author = {Bullard, Jeffrey W. and Pauli, Adam T. and Garboczi, Edward J. and Martys, Nicos S.},
	Journal = {J. Colloid Interface Sci.},
	Pages = {186--193},
	Title = {A comparison of {viscosity--concentration} relationships for emulsions},
	Volume = {330},
	Year = {2009}}

@article{Busse2012,
	Author = {Busse, Friedrich H.},
	Journal = {Physics},
	Number = {4},
	Title = {The twins of turbulence research},
	Volume = {5},
	Year = {2012}}

@article{Butler1999,
	Author = {P. Butler},
	Journal = {Curr. Opin. Colloid In.},
	Pages = {214--221},
	Title = {Shear induced structures and transformations in complex fluids},
	Volume = {4},
	Year = {1999}}

@article{Butler2018,
	Author = {Jason E. Butler and Braden Snook},
	Journal = {Annu. Rev. Fluid Mech.},
	Pages = {299--318},
	Title = {{{Microstructural Dynamics and Rheology of Suspensions of Rigid Fibers}}},
	Volume = {50},
	Year = {2018}}

@article{Cadot1997,
	Author = {Cadot, O. and Couder, Y. and Daerr, A. and Douady, S. and Tsinober, A.},
	Journal = {Phys. Rev. E},
	Pages = {427--433},
	Title = {{{Energy injection in closed turbulent flows: Stirring through boundary layers versus inertial stirring}}},
	Volume = {56},
	Year = {1997}}

@article{Calzavarini2008,
	Author = {Calzavarini, Enrico and Cencini, Massimo and Lohse, Detlef and Toschi, Federico},
	Journal = {Phys. Rev. Lett.},
	Pages = {084504},
	Title = {{{Quantifying Turbulence-Induced Segregation of Inertial Particles}}},
	Volume = {101},
	Year = {2008}}

@article{Calzavarini2009,
	Author = {Calzavarini, Enrico and Volk, Romain and Bourgoin, {Micka\"el} and {L\'ev\^eque}, Emmanuel and Pinton, J-F and Toschi, Federico},
	Journal = {J. Fluid Mech.},
	Pages = {179--189},
	Title = {{{Acceleration statistics of finite-sized particles in turbulent flow: the role of Fax\'en forces}}},
	Volume = {630},
	Year = {2009}}

@article{Cattaneo2003,
	Author = {F. Cattaneo and T. Emonet and N. Weiss},
	Journal = {Astrophys. J.},
	Pages = {1183--1198},
	Title = {On the interaction between convection and magnetic fields},
	Volume = {588},
	Year = {2003}}

@article{Ceccio2010,
	Author = {Ceccio, Steven L.},
	Journal = {Annu. Rev. Fluid Mech.},
	Pages = {183--203},
	Title = {{{Friction Drag Reduction of External Flows with Bubble and Gas Injection}}},
	Volume = {42},
	Year = {2010}}

@article{Challabotla2015,
	Author = {Challabotla, Niranjan Reddy and Zhao, Lihao and Andersson, Helge I.},
	Journal = {Phys. Fluids},
	Pages = {061703},
	Title = {Shape effects on dynamics of {inertia-free} spheroids in wall turbulence},
	Volume = {27},
	Year = {2015}}

@article{Challabotla2015b,
	Author = {Challabotla, Niranjan Reddy and Nilsen, Christopher and Andersson, Helge I.},
	Journal = {Phys. Lett. A},
	Pages = {157--162},
	Title = {On rotational dynamics of inertial disks in creeping shear flow},
	Volume = {379},
	Year = {2015}}

@article{Challabotla2015c,
	Author = {Challabotla, Niranjan Reddy and Zhao, Lihao and Andersson, Helge I.},
	Journal = {J. Fluid Mech.},
	Pages = {R2},
	Title = {Orientation and rotation of inertial disk particles in wall turbulence},
	Volume = {766},
	Year = {2015}}

@article{Chan2018,
	Author = {Chan, L. and MacDonald, M. and Chung, D. and Hutchins, N. and Ooi, A.},
	Journal = {J. Fluid Mech.},
	Pages = {5--33},
	Title = {Secondary motion in turbulent pipe flow with {three-dimensional} roughness},
	Volume = {854},
	Year = {2018}}

@article{Chilla2012,
	Author = {F. Chill{\`{a}} and J. Schumacher},
	Journal = {Eur. Phys. J. E},
	Pages = {58},
	Title = {New perspectives in turbulent {Rayleigh-B{\'{e}}nard} convection},
	Volume = {35},
	Year = {2012}}

@article{Chouippe2014,
	Author = {Chouippe, A. and Climent, E. and Legendre, D. and Gabillet, C.},
	Journal = {Phys. Fluids},
	Pages = {043304},
	Title = {{{Numerical simulation of bubble dispersion in turbulent Taylor--Couette flow}}},
	Volume = {26},
	Year = {2014}}

@article{Chung2015,
	Author = {Chung, D. and Chan, L. and MacDonald, M. and Hutchins, N. and Ooi, A.},
	Journal = {J. Fluid Mech.},
	Pages = {418--431},
	Title = {A fast direct numerical simulation method for characterising hydraulic roughness},
	Volume = {773},
	Year = {2015}}

@article{Chung2018,
	Author = {Chung, D. and Monty, J. P. and Hutchins, N.},
	Journal = {J. Fluid Mech.},
	Pages = {591--613},
	Title = {Similarity and structure of wall turbulence with lateral wall shear stress variations},
	Volume = {847},
	Year = {2018}}

@article{Cisse2013,
	Author = {Cisse, Mamadou and Homann, Holger and Bec, {J\'er\'emie}},
	Journal = {J. Fluid Mech.},
	Pages = {R1},
	Title = {Slipping motion of large neutrally buoyant particles in turbulence},
	Volume = {735},
	Year = {2013}}

@article{Cisse2015,
	Author = {Cisse, M. and Saw, E.-W. and Gibert, M. and Bodenschatz, E. and Bec, J.},
	Journal = {Phys. Fluids},
	Pages = {061702},
	Title = {Turbulence attenuation by large neutrally buoyant particles},
	Volume = {27},
	Year = {2015}}

@book{Clift1978,
	Author = {Clift, R. and Grace, J.R. and Weber, M.E. and Weber, M.F.},
	Publisher = {Academic Press},
	Title = {Bubbles, Drops, and Particles},
	Year = {1978}}

@article{Colebrook1937,
	Author = {Colebrook, C. F. and White, C. M.},
	Journal = {Proc. Royal Soc. A},
	Pages = {367--381},
	Title = {Experiments with Fluid Friction in Roughened Pipes},
	Volume = {161},
	Year = {1937}}

@article{Colin2012,
	Author = {Catherine Colin and Jean Fabre and Arjan Kamp},
	Journal = {J. Fluid Mech.},
	Pages = {469--515},
	Title = {Turbulent bubbly flow in pipe under gravity and microgravity conditions},
	Volume = {711},
	Year = {2012}}

@article{Collins1970,
	Author = {Collins, S. B. and Knudsen, J. G.},
	Journal = {AIChE J.},
	Pages = {1072--1080},
	Title = {{Drop-size} distributions produced by turbulent pipe flow of immiscible liquids},
	Volume = {16},
	Year = {1970}}

@article{Cooper2013,
	Author = {C. M. Cooper and L. N. Moresi and A. Lenardic},
	Journal = {Geoph. Res. Lett.},
	Pages = {2647--2651},
	Title = {Effects of continental configuration on mantle heat loss},
	Volume = {40},
	Year = {2013}}

@article{Costa2016,
	Author = {Pedro Costa and Francesco Picano and Luca Brandt and Wim-Paul Breugem},
	Journal = {Phys. Rev. Lett.},
	Pages = {134501},
	Title = {{{Universal Scaling Laws for Dense Particle Suspensions in Turbulent Wall-Bounded Flows}}},
	Volume = {117},
	Year = {2016}}

@article{Costantini2018,
	Author = {Costantini, Roberta and Mollicone, Jean-Paul and Battista, Francesco},
	Journal = {Phys. Fluids},
	Pages = {025102},
	Title = {Drag reduction induced by superhydrophobic surfaces in turbulent pipe flow},
	Volume = {30},
	Year = {2018}}

@article{Covis2014,
	Author = {Covis, Rudy and Marie, Emmanuelle and Durand, Alain and Baravian, Christophe},
	Journal = {AIChE J.},
	Pages = {277--284},
	Title = {{{Kinetics of Formation of Oil-in-Water Emulsions Using \textit{in situ} Rheo-Optical Measurements}}},
	Volume = {61},
	Year = {2014}}

@article{Cristini2006,
	Author = {V. Cristini and Y. Renardy},
	Journal = {FDMP},
	Pages = {77--93},
	Title = {{{Scalings for Droplet Sizes in Shear-Driven Breakup: Non-Microfluidic Ways to Monodisperse Emulsions}}},
	Volume = {2},
	Year = {2006}}

@article{Dabiri2013,
	Author = {Sadegh Dabiri and Jiacai Lu and Gretar Tryggvason},
	Journal = {Phys. Fluids},
	Pages = {102110},
	Title = {Transition between regimes of a vertical channel bubbly upflow due to bubble deformability},
	Volume = {25},
	Year = {2013}}

@article{Daghooghi2015,
	Author = {Daghooghi, Mohsen and Borazjani, Iman},
	Journal = {J. Fluid Mech.},
	Pages = {506--549},
	Title = {The influence of inertia on the rheology of a periodic suspension of neutrally buoyant rigid ellipsoids},
	Volume = {781},
	Year = {2015}}

@article{Daniello2009,
	Author = {Daniello, Robert J. and Waterhouse, Nicholas E. and Rothstein, Jonathan P.},
	Journal = {Phys. Fluids},
	Pages = {085103},
	Title = {Drag reduction in turbulent flows over superhydrophobic surfaces},
	Volume = {21},
	Year = {2009}}

@phdthesis{Dercan1997,
	Author = {Declan O. H. Teare},
	School = {University of Bristol},
	Title = {{{Cross-linked 'Silicone Oil'/Water Emulsions}}},
	Year = {1997}}

@article{Derkach2009,
	Author = {Derkach, Svetlana R.},
	Journal = {Adv. Colloid Interface Sci.},
	Pages = {1--23},
	Title = {Rheology of emulsions},
	Volume = {151},
	Year = {2009}}

@article{Deshpande2003,
	Author = {B. Deshpande, Kiran and Kumar, Sanjeev},
	Journal = {Chem. Eng. Sci.},
	Pages = {3829--3835},
	Title = {{{A new characteristic of {liquid--liquid} systems---inversion holdup of intensely agitated dispersions}}},
	Volume = {58},
	Year = {2003}}

@article{Dickinson1981,
	Author = {Dickinson, Eric},
	Journal = {J. Colloid Interface Sci.},
	Pages = {284--287},
	Title = {Interpretation of emulsion phase inversion as a cusp catastrophe},
	Volume = {84},
	Year = {1981}}

@article{DoQuang2014,
	Author = {{Do-Quang}, M. and Amberg, G. and Brethouwer, G. and Johansson, A. V.},
	Journal = {Phys. Rev. E},
	Pages = {013006},
	Title = {Simulation of finite-size fibers in turbulent channel flows},
	Volume = {89},
	Year = {2014}}

@article{Dritselis2008,
	Author = {Dritselis, Chris D. and Vlachos, Nicholas S.},
	Journal = {Phys. Fluids},
	Pages = {055103},
	Title = {Numerical study of educed coherent structures in the near-wall region of a particle-laden channel flow},
	Volume = {20},
	Year = {2008}}

@article{Dunstan2011,
	Author = {Dunstan, Timothy S. and Fletcher, Paul D. I. and Mashinchi, Saeed},
	Journal = {Langmuir},
	Pages = {339--349},
	Title = {{{High Internal Phase Emulsions: Catastrophic Phase Inversion, Stability, and Triggered Destabilization}}},
	Volume = {28},
	Year = {2011}}

@article{Eastoe2007,
	Author = {Eastoe, Julian and Ellis, Christopher},
	Journal = {Adv. Colloid Interface Sci.},
	Pages = {89--95},
	Title = {{{De-gassed water and surfactant-free emulsions: History, controversy, and possible applications}}},
	Volume = {134--135},
	Year = {2007}}

@article{Eckhardt2006,
	Author = {Bruno Eckhardt and Siegfried Grossmann and Detlef Lohse},
	Journal = {Nonl. Phen. Compl. Sys.},
	Pages = {109--114},
	Title = {{{What Rayleigh-Benard, Taylor-Couette and Pipe Flows Have in Common}}},
	Volume = {9},
	Year = {2006}}

@article{Eckhardt2007,
	Author = {Bruno Eckhardt and Siegfried Grossmann and Detlef Lohse},
	Journal = {J. Fluid Mech.},
	Pages = {221--250},
	Title = {Torque scaling in turbulent {Taylor--Couette} flow between independently rotating cylinders},
	Volume = {581},
	Year = {2007}}

@article{Einarsson2013,
	Author = {J. Einarsson and A. Johansson and S. K. Mahato and Y. N. Mishra and J. R. Angilella and D. Hanstorp and B. Mehlig},
	Journal = {Acta Mech.},
	Pages = {2281--2289},
	Title = {Periodic and aperiodic tumbling of microrods advected in a microchannel flow},
	Volume = {224},
	Year = {2013}}

@article{Einstein1906,
	Author = {Albert Einstein},
	Journal = {Ann. d. Phys.},
	Pages = {289--306},
	Title = {{{Eine neue Bestimmung der Molek\"uldimensionen}}},
	Volume = {324},
	Year = {1906}}

@article{Elghobashi1994,
	Author = {S. Elghobashi},
	Journal = {Appl. Sci. Res.},
	Pages = {309--329},
	Title = {On predicting {particle-laden} turbulent flows},
	Volume = {52},
	Year = {1994}}

@article{Elghobashi2018,
	Author = {Elghobashi, S.},
	Journal = {Annu. Rev. Fluid Mech.},
	Pages = {217--244},
	Title = {{{Direct Numerical Simulation of Turbulent Flows Laden with Droplets or Bubbles}}},
	Volume = {51},
	Year = {2018}}

@article{Eskin2018,
	Author = {Eskin, Dmitry and Vikhansky, Alexander},
	Journal = {Can. J. Chem. Eng.},
	Title = {Modelling dispersion of immiscible fluids in a turbulent Couette flow},
	Year = {2018}}

@article{Fadlun2000,
	Author = {Fadlun, E.A. and Verzicco, R. and Orlandi, P. and Mohd-Yusof, J.},
	Journal = {J. Comput. Phys.},
	Pages = {35--60},
	Title = {{{Combined Immersed-Boundary Finite-Difference Methods for Three-Dimensional Complex Flow Simulations}}},
	Volume = {161},
	Year = {2000}}

@article{Fardin2014,
	Author = {M. A. Fardin and C. Perge and N. Taberlet},
	Journal = {Soft Matter},
	Pages = {3523--3535},
	Title = {{{{``}{The} hydrogen atom of fluid dynamics{``} - introduction to the {Taylor--Couette} flow for soft matter scientists}}},
	Volume = {10},
	Year = {2014}}

@article{Fellay2013,
	Author = {Lucas Sanchez Fellay and Christina Twist and Marco Vanni},
	Journal = {Acta Mech.},
	Pages = {2225--2248},
	Title = {Motion of rigid aggregates under different flow conditions},
	Volume = {224},
	Year = {2013}}

@article{Fiabane2012,
	Author = {Fiabane, L. and Zimmermann, R. and Volk, R. and Pinton, J.-F. and Bourgoin, M.},
	Journal = {Phys. Rev. E},
	Pages = {035301},
	Title = {Clustering of finite-size particles in turbulence},
	Volume = {86},
	Year = {2012}}

@article{Flack2010,
	Author = {Flack, Karen A. and Schultz, Michael P.},
	Journal = {J. Fluids Eng.},
	Pages = {041203},
	Title = {{{Review of Hydraulic Roughness Scales in the Fully Rough Regime}}},
	Volume = {132},
	Year = {2010}}

@article{Fornari2018,
	Author = {Walter Fornari and Hamid Tabaei Kazerooni and Jeanette Hussong and Luca Brandt},
	Journal = {J. Fluid Mech.},
	Pages = {148--186},
	Title = {Suspensions of finite-size neutrally buoyant spheres in turbulent duct flow},
	Volume = {851},
	Year = {2018}}

@article{Froitzheim2017,
	Author = {Froitzheim, A. and Merbold, S. and Egbers, C.},
	Journal = {J. Fluid Mech.},
	Pages = {330--357},
	Title = {Velocity profiles, flow structures and scalings in a wide-gap turbulent {{Taylor--Couette}} flow},
	Volume = {831},
	Year = {2017}}

@article{Fujiwara2004,
	Author = {Akiko Fujiwara and Daijyu Minato and Koichi Hishida},
	Journal = {Int. J. Heat Fluid Fl.},
	Pages = {481--488},
	Title = {Effect of bubble diameter on modification of turbulence in an upward pipe flow},
	Volume = {25},
	Year = {2004}}

@article{Fukagata2006,
	Author = {Fukagata, Koji and Kasagi, Nobuhide and Koumoutsakos, Petros},
	Journal = {Phys. Fluids},
	Pages = {051703},
	Title = {A theoretical prediction of friction drag reduction in turbulent flow by superhydrophobic surfaces},
	Volume = {18},
	Year = {2006}}

@article{Fukuhara1995,
	Author = {Fukuhara, Minoru and Nozaki, Tsutomu and Iwatsubo, Mitsugu and Suzuki, Katsunari},
	Journal = {Trans. Jpn. Soc. Mech. Eng. B},
	Pages = {90--95},
	Title = {{{Experimental Study on Drag Reduction by Flexible Tubes}}},
	Volume = {61},
	Year = {1995}}

@article{Gavze1998,
	Author = {Gavze, Ehud and Shapiro, Micheal},
	Journal = {J. Fluid Mech.},
	Pages = {59--79},
	Title = {Motion of inertial spheroidal particles in a shear flow near a solid wall with special application to aerosol transport in microgravity},
	Volume = {371},
	Year = {1998}}

@article{Gillissen2008,
	Author = {J. J. J. Gillissen and B. J. Boersma and P. H. Mortensen and H. I. Andersson},
	Journal = {J. Fluid Mech.},
	Pages = {209--218},
	Title = {Fibre-induced drag reduction},
	Volume = {602},
	Year = {2008}}

@article{Glatzmaier1995,
	Author = {Gary A. Glatzmaier and Paul H. Roberts},
	Journal = {Nature},
	Pages = {203--209},
	Title = {A 3-dimensional self-consistent computer simulation of a geomagnetic field reversal},
	Volume = {377},
	Year = {1995}}

@book{Glycerine1963,
	Author = {{Glycerine Producers' Association}},
	Publisher = {{Glycerine Producers' Association}},
	Title = {Physical properties of glycerine and its solutions},
	Year = {1963}}

@article{Golovin2016,
	Author = {Golovin, Kevin B. and Gose, James W. and Perlin, Marc and Ceccio, Steven L. and Tuteja, Anish},
	Journal = {Phil. Trans. R. Soc. A},
	Pages = {20160189},
	Title = {Bioinspired surfaces for turbulent drag reduction},
	Volume = {374},
	Year = {2016}}

@article{Gore1989,
	Author = {R. A. Gore and Clayton T. Crowe},
	Journal = {Int. J. Multiph. Flow},
	Pages = {279--285},
	Title = {Effect of particle size on modulating turbulent intensity},
	Volume = {15},
	Year = {1989}}

@article{Gore1991,
	Author = {Gore, R. A. and Crowe, C. T.},
	Journal = {J. Fluids Eng.},
	Pages = {304--307},
	Title = {Modulation of turbulence by a dispersed phase},
	Volume = {113},
	Year = {1991}}

@article{Gose2018,
	Author = {Gose, James W. and Golovin, Kevin and Boban, Mathew and Mabry, Joseph M. and Tuteja, Anish and Perlin, Marc and Ceccio, Steven L.},
	Journal = {J. Fluid Mech.},
	Pages = {560--580},
	Title = {Characterization of superhydrophobic surfaces for drag reduction in turbulent flow},
	Volume = {845},
	Year = {2018}}

@article{Grace1982,
	Author = {Grace, Harold P.},
	Journal = {Chem. Eng. Commun.},
	Pages = {225--277},
	Title = {Dispersion Phenomena In High Viscosity Immiscible Fluid Systems And Application Of Static Mixers As Dispersion Devices In Such Systems},
	Volume = {14},
	Year = {1982}}

@article{Groeneweg1998,
	Author = {Groeneweg, F. and Agterof, W.G.M. and Jaeger, P. and Janssen, J.J.M. and Wieringa, J.A. and Klahn, J.K.},
	Journal = {Chem. Eng. Res. Des.},
	Pages = {55--63},
	Title = {{{On the Mechanism of the Inversion of Emulsions}}},
	Volume = {76},
	Year = {1998}}

@article{Grossmann2011,
	Author = {Grossmann, Siegfried and Lohse, Detlef},
	Journal = {Phys. Fluids},
	Pages = {045108},
	Title = {Multiple scaling in the ultimate regime of thermal convection},
	Volume = {23},
	Year = {2011}}

@article{Grossmann2014,
	Author = {Grossmann, Siegfried and Lohse, Detlef and Sun, Chao},
	Journal = {Phys. Fluids},
	Pages = {025114},
	Title = {{{Velocity profiles in strongly turbulent Taylor--Couette flow}}},
	Volume = {26},
	Year = {2014}}

@article{Grossmann2016,
	Author = {Siegfried Grossmann and Detlef Lohse and Chao Sun},
	Journal = {Annu. Rev. Fluid Mech.},
	Pages = {53--80},
	Title = {{[High--Reynolds Number Taylor--Couette Turbulence}]},
	Volume = {48},
	Year = {2016}}

@article{Gu1998,
	Author = {Gu, Yongan and Li, Dongqing},
	Journal = {J. Colloid Interface Sci.},
	Pages = {346--349},
	Title = {{The {$\zeta$-Potential} of Silicone Oil Droplets Dispersed in Aqueous Solutions}},
	Volume = {206},
	Year = {1998}}

@article{Gu2017,
	Author = {Gu, Yun-qing and Fan, Tian-xing and Mou, Jie-gang and Wu, Deng-hao and Zheng, Shui-hua and Wang, Evan},
	Journal = {J. Cent. South Univ.},
	Pages = {1379--1386},
	Title = {Characteristics and mechanism investigation on drag reduction of oblique riblets},
	Volume = {24},
	Year = {2017}}

@article{Guazzelli2011,
	Author = {Guazzelli, {\'Elisabeth} and Hinch, John},
	Journal = {Annu. Rev. Fluid Mech.},
	Pages = {97--116},
	Title = {{{Fluctuations and Instability in Sedimentation}}},
	Volume = {43},
	Year = {2011}}

@article{Gul2017,
	Author = {Gul, M. and Elsinga, G. E. and Westerweel, J.},
	Journal = {J. Fluid Mech.},
	Pages = {635--648},
	Title = {Experimental investigation of torque hysteresis behaviour of {{Taylor--Couette}} flow},
	Volume = {836},
	Year = {2017}}

@article{Guseva2017,
	Author = {Guseva, Anna and Hollerbach, Rainer and Willis, Ashley P. and Avila, Marc},
	Journal = {Phys. Rev. Lett.},
	Pages = {164501},
	Title = {{{Dynamo Action in a Quasi-Keplerian {{Taylor--Couette}} Flow}}},
	Volume = {119},
	Year = {2017}}

@book{Gyr1995,
	Author = {A. Gyr and H.-W. Bewersdorff},
	Publisher = {Springer Netherlands},
	Title = {Drag Reduction of Turbulent Flows by Additives},
	Year = {1995}}

@article{Hama1954,
	Author = {Hama, F. R.},
	Journal = {Trans. Soc. Nav. Archit. Mar. Engrs},
	Pages = {333-358},
	Title = {Boundary-layer characteristics for smooth and rough surfaces.},
	Volume = {62},
	Year = {1954}}

@article{Han2017,
	Author = {Han, Y.F. and Jin, N.D. and Yin, Z.Q. and Ren, Y.Y. and Gu, Y.},
	Journal = {Exp. Therm Fluid Sci.},
	Pages = {204--223},
	Title = {Measurement of oil bubble size distribution in oil-in-water emulsions using a distributed dual-sensor probe array},
	Volume = {86},
	Year = {2017}}

@article{Hejazi2017,
	Author = {Bardia Hejazi and Bernhard Mehlig and Greg A. Voth},
	Journal = {Phys. Rev. Fluids},
	Pages = {124501},
	Title = {Emergent scar lines in chaotic advection of passive directors},
	Volume = {2},
	Year = {2017}}

@article{Hinze1955,
	Author = {Hinze, J. O.},
	Journal = {AIChE J.},
	Pages = {289--295},
	Title = {Fundamentals of the hydrodynamic mechanism of splitting in dispersion processes},
	Volume = {1},
	Year = {1955}}

@article{Hinze1967,
	Author = {Hinze, J. O.},
	Journal = {Phys. Fluids},
	Pages = {S122},
	Title = {{{Secondary Currents in Wall Turbulence}}},
	Volume = {10},
	Year = {1967}}

@article{Hinze1973,
	Author = {Hinze, J. O.},
	Journal = {Appl. Sci. Res.},
	Pages = {453--465},
	Title = {Experimental investigation on secondary currents in the turbulent flow through a straight conduit},
	Volume = {28},
	Year = {1973}}

@article{Holm2007,
	Author = {Richard Holm and Daniel {S\"oderberg}},
	Journal = {Rheol. Acta},
	Pages = {721--729},
	Title = {Shear influence on fibre orientation},
	Volume = {46},
	Year = {2007}}

@article{Homann2017,
	Author = {Homann, Holger},
	Journal = {CISM International Centre for Mechanical Sciences},
	Pages = {39--65},
	Title = {Modeling and Simulation of Finite-Size Particles in Turbulence},
	Volume = {576},
	Year = {2017}}

@article{Hu2017,
	Author = {Hu, Haibao and Wen, Jun and Bao, Luyao and Jia, Laibing and Song, Dong and Song, Baowei and Pan, Guang and Scaraggi, Michele and Dini, Daniele and Xue, Qunji and et al.},
	Journal = {Sci. Adv.},
	Pages = {e1603288},
	Title = {Significant and stable drag reduction with air rings confined by alternated superhydrophobic and hydrophilic strips},
	Volume = {3},
	Year = {2017}}

@article{Huang2015,
	Author = {S.-D. Huang and F. Wang and H.-D Xi and K.-Q. Xia},
	Journal = {Phys. Rev. Lett.},
	Pages = {154502},
	Title = {{{Comparative Experimental Study of Fixed Temperature and Fixed Heat Flux Boundary Conditions in Turbulent Thermal Convection}}},
	Volume = {115},
	Year = {2015}}

@article{Huisman2012,
	Author = {Sander G. Huisman and Dennis P.M. {van Gils} and Chao Sun},
	Journal = {Eur. J. Mech. B-Fluids},
	Pages = {115--119},
	Title = {{Applying laser Doppler anemometry inside a Taylor--Couette geometry using a ray-tracer to correct for curvature effects}},
	Volume = {36},
	Year = {2012}}

@article{Huisman2012b,
	Author = {Huisman, Sander G. and {van Gils}, Dennis P. M. and Grossmann, Siegfried and Sun, Chao and Lohse, Detlef},
	Journal = {Phys. Rev. Lett.},
	Pages = {024501},
	Title = {Ultimate turbulent {{Taylor--Couette}} flow},
	Volume = {108},
	Year = {2012}}

@article{Huisman2013,
	Author = {Huisman, Sander G. and Scharnowski, Sven and Cierpka, Christian and {K\"ahler}, Christian J. and Lohse, Detlef and Sun, Chao},
	Journal = {Phys. Rev. Lett.},
	Pages = {264501},
	Title = {{{Logarithmic Boundary Layers in Strong {Taylor--Couette} Turbulence}}},
	Volume = {110},
	Year = {2013}}

@article{Huisman2014,
	Author = {Sander G. Huisman and Roeland C. A. {van der Veen} and Chao Sun and Detlef Lohse},
	Journal = {Nat. Comm.},
	Pages = {3820},
	Title = {Multiple states in highly turbulent {Taylor--Couette} flow},
	Volume = {5},
	Year = {2014}}

@article{Iaccarino2003,
	Author = {Iaccarino, Gianluca and Verzicco, Roberto},
	Journal = {Appl. Mech. Rev.},
	Pages = {331--347},
	Title = {Immersed boundary technique for turbulent flow simulations},
	Volume = {56},
	Year = {2003}}

@article{Ivanov1997,
	Author = {Ivanov, Ivan B. and Kralchevsky, Peter A.},
	Journal = {Colloid. Surface. Physicochem. Eng. Aspect.},
	Pages = {155--175},
	Title = {Stability of emulsions under equilibrium and dynamic conditions},
	Volume = {128},
	Year = {1997}}

@article{Jahanzad2009,
	Author = {Jahanzad, F. and Crombie, Gordon and Innes, Robert and Sajjadi, Shahriar},
	Journal = {Chem. Eng. Res. Des.},
	Pages = {492--498},
	Title = {{{Catastrophic phase inversion via formation of multiple emulsions: A prerequisite for formation of fine emulsions}}},
	Volume = {87},
	Year = {2009}}

@article{Jeffery1922,
	Author = {G. B. Jeffery},
	Journal = {Proc. Royal Soc. A},
	Pages = {161--179},
	Title = {The Motion of Ellipsoidal Particles Immersed in a Viscous Fluid},
	Volume = {102},
	Year = {1922}}

@article{Jimenez2004,
	Author = {Jimenez, Javier},
	Journal = {Annu. Rev. Fluid Mech.},
	Pages = {173--196},
	Title = {Turbulent Flows over Rough Walls},
	Volume = {36},
	Year = {2004}}

@article{Jin2008,
	Author = {X.-L. Jin and K.-Q. Xia},
	Journal = {J. Fluid Mech.},
	Pages = {131--151},
	Title = {An experimental study of kicked thermal turbulence},
	Volume = {606},
	Year = {2008}}

@article{Johnston2007,
	Author = {H. Johnston and C. R. Doering},
	Journal = {Chaos},
	Pages = {041103},
	Title = {{{{{Rayleigh-B{\'e}nard}}}} convection with imposed heat flux},
	Volume = {17},
	Year = {2007}}

@article{Johnston2009,
	Author = {H. Johnston and C. R. Doering},
	Journal = {Phys. Rev. Lett.},
	Pages = {064501},
	Title = {{{Comparison of Turbulent Thermal Convection between Conditions of Constant Temperature and Constant Flux}}},
	Volume = {102},
	Year = {2009}}

@article{Kanellopoulos1971,
	Author = {Kanellopoulos, A. G. and Owen, M. J.},
	Journal = {T. Faraday Soc.},
	Pages = {3127},
	Title = {Adsorption of sodium dodecyl sulphate at the silicone {{fluid/water}} interface},
	Volume = {67},
	Year = {1971}}

@article{Kazerooni2017,
	Author = {Kazerooni, H. Tabaei and Fornari, W. and Hussong, J. and Brandt, L.},
	Journal = {Phys. Fluids},
	Pages = {084301},
	Title = {Inertial migration in dilute and semidilute suspensions of rigid particles in laminar square duct flow},
	Volume = {2},
	Year = {2017}}

@article{Kelly1978,
	Author = {R. E. Kelly and D. Pal},
	Journal = {J. Fluid Mech.},
	Pages = {433--456},
	Title = {Thermal convection with spatially periodic boundary conditions:resonant wavelength excitation},
	Volume = {86},
	Year = {1978}}

@article{Kevin2017,
	Author = {Kevin, Kevin and Monty, J. P. and Bai, H. L. and Pathikonda, G. and Nugroho, B. and Barros, J. M. and Christensen, K. T. and Hutchins, N.},
	Journal = {J. Fluid Mech.},
	Pages = {412--435},
	Title = {Cross-stream stereoscopic particle image velocimetry of a modified turbulent boundary layer over directional surface pattern},
	Volume = {813},
	Year = {2017}}

@article{Khosh-Aghdam2016,
	Author = {{Khosh Aghdam}, Sohrab and Ricco, Pierre},
	Journal = {Phys. Fluids},
	Pages = {035109},
	Title = {Laminar and turbulent flows over hydrophobic surfaces with shear-dependent slip length},
	Volume = {28},
	Year = {2016}}

@article{Kidanemariam2013,
	Author = {Aman G. Kidanemariam and Clemens {Chan-Braun} and Todor Doychev and Markus Uhlmann},
	Journal = {New J. Phys.},
	Pages = {025031},
	Title = {{{Direct numerical simulation of horizontal open channel flow with finite-size, heavy particles at low solid volume fraction}}},
	Volume = {15},
	Year = {2013}}

@article{Koeltzsch2002,
	Author = {Koeltzsch, K. and Dinkelacker, A. and Grundmann, R.},
	Journal = {Exp. Fluids},
	Pages = {346--350},
	Title = {Flow over convergent and divergent wall riblets},
	Volume = {33},
	Year = {2002}}

@article{Kolmogorov1941,
	Author = {Kolmogorov, Andrey Nikolaevich},
	Journal = {Dokl. Akad. Nauk. SSSR},
	Pages = {299--303},
	Title = {The local structure of turbulence in incompressible viscous fluid for very large Reynolds numbers},
	Volume = {30},
	Year = {1941}}

@article{Kolmogorov1941b,
	Author = {Kolmogorov, A. N.},
	Journal = {Dokl. Akad. Nauk. SSSR},
	Pages = {538--540},
	Title = {{On degeneration of isotropic turbulence in an incompressible viscous liquid}},
	Volume = 31,
	Year = 1941}

@article{Kolmogorov1949,
	Author = {Kolmogorov, Andrey Nikolaevich},
	Journal = {Dokl. Akad. Nauk. SSSR},
	Pages = {825--828},
	Title = {On the breakage of drops in a turbulent flow},
	Volume = {66},
	Year = {1949}}

@article{Komrakova2014,
	Author = {Komrakova, A. E. and Shardt, Orest and Eskin, D. and Derksen, J. J.},
	Journal = {Int. J. Multiph. Flow},
	Pages = {24--43},
	Title = {Lattice Boltzmann simulations of drop deformation and breakup in shear flow},
	Volume = {59},
	Year = {2014}}

@article{Kraichnan1962,
	Author = {Kraichnan, R. H.},
	Journal = {Phys. Fluids},
	Pages = {1374},
	Title = {Turbulent thermal convection at arbitrary {Prandtl} number},
	Volume = {5},
	Year = {1962}}

@article{Kuerten2015,
	Author = {Kuerten, J. G. M. and Vreman, A. W.},
	Journal = {Phys. Fluids},
	Pages = {053304},
	Title = {Effect of droplet interaction on droplet-laden turbulent channel flow},
	Volume = {27},
	Year = {2015}}

@article{Kulick1994,
	Author = {Jonathan D. Kulick and John R. Fessler and John K. Eaton},
	Journal = {J. Fluid Mech.},
	Pages = {109--134},
	Title = {Particle response and turbulence modification in fully developed channel flow},
	Volume = {277},
	Year = {1994}}

@book{Kundu2008,
	Author = {Kundu, Pijush K and Cohen, Ira M and Dowling, DW},
	Publisher = {Elsevier},
	Title = {Fluid Mechanics},
	Year = {2008}}

@article{LaPorta2001,
	Author = {La Porta, A. and Voth, Greg A. and Crawford, Alice M. and Alexander, Jim and Bodenschatz, Eberhard},
	Journal = {Nature},
	Pages = {1017--1019},
	Title = {Fluid particle accelerations in fully developed turbulence},
	Volume = {409},
	Year = {2001}}

@article{Lashgari2014,
	Author = {Iman Lashgari and Francesco Picano and Wim-Paul Breugem and Luca Brandt},
	Journal = {Phys. Rev. Lett.},
	Pages = {254502},
	Title = {{{Laminar, turbulent, and inertial shear-thickening regimes in channel flow of neutrally buoyant particle suspensions}}},
	Volume = {113},
	Year = {2014}}

@article{Lashgari2017,
	Author = {Lashgari, Iman and Picano, Francesco and Costa, Pedro and Breugem, Wim-Paul and Brandt, Luca},
	Journal = {J. Fluid Mech.},
	Pages = {623--645},
	Title = {Turbulent channel flow of a dense binary mixture of rigid particles},
	Volume = {818},
	Year = {2017}}

@article{Lashgari2017b,
	Author = {Lashgari, Iman and Ardekani, Mehdi Niazi and Banerjee, Indradumna and Russom, Aman and Brandt, Luca},
	Journal = {J. Fluid Mech.},
	Pages = {540--561},
	Title = {Inertial migration of spherical and oblate particles in straight ducts},
	Volume = {819},
	Year = {2017}}

@article{Lathrop1992,
	Author = {Daniel P. Lathrop and Jay Fineberg and Harry L. Swinney},
	Journal = {Phys. Rev. Lett.},
	Pages = {1515},
	Title = {{Turbulent flow between concentric rotating cylinders at large {{Reynolds}} number}},
	Volume = {68},
	Year = {1992}}

@article{Lee1974,
	Author = {Lee, W. K. and Vaseleski, R. C. and Metzner, A. B.},
	Journal = {AIChE J.},
	Pages = {128--133},
	Title = {Turbulent drag reduction in polymeric solutions containing suspended fibers},
	Volume = {20},
	Year = {1974}}

@article{Lenardic2005,
	Author = {A. Lenardic and L. N. Moresi and M. A. Jellinek and M. Manga},
	Journal = {Earth Planet. Sci. Lett.},
	Pages = {317--333},
	Title = {Continental insulation, mantle cooling and the surface area of oceans and continents},
	Volume = {234},
	Year = {2005}}

@article{Lewis1999,
	Author = {Gregory S. Lewis and Harry L. Swinney},
	Journal = {Phys. Rev. E},
	Pages = {5457},
	Title = {{Velocity structure functions, scaling, and transitions in high-Reynolds-number Couette-Taylor flow}},
	Volume = {59},
	Year = {1999}}

@article{Liao2009,
	Author = {Liao, Yixiang and Lucas, Dirk},
	Journal = {Chem. Eng. Sci.},
	Pages = {3389--3406},
	Title = {A literature review of theoretical models for drop and bubble breakup in turbulent dispersions},
	Volume = {64},
	Year = {2009}}

@article{Lin2017,
	Author = {Lin, Zhaowu and Yu, Zhaosheng and Shao, Xueming and Wang, Lian-Ping},
	Journal = {Phys. Fluids},
	Pages = {103304},
	Title = {Effects of finite-size neutrally buoyant particles on the turbulent flows in a square duct},
	Volume = {29},
	Year = {2017}}

@article{Ling2016,
	Author = {Ling, Hangjian and Srinivasan, Siddarth and Golovin, Kevin and McKinley, Gareth H. and Tuteja, Anish and Katz, Joseph},
	Journal = {J. Fluid Mech.},
	Pages = {670--703},
	Title = {High-resolution velocity measurement in the inner part of turbulent boundary layers over super-hydrophobic surfaces},
	Volume = {801},
	Year = {2016}}

@article{Ling2017,
	Author = {Ling, Nicholas N.A. and Haber, Agnes and May, Eric F. and Fridjonsson, Einar O. and Johns, Michael L.},
	Journal = {Chem. Eng. Sci.},
	Pages = {362--369},
	Title = {By-line {{NMR}} emulsion droplet sizing},
	Volume = {160},
	Year = {2017}}

@article{Liu1993,
	Author = {T. J. Liu and S. G. Bankoff},
	Journal = {Int. J. Heat Mass Tran.},
	Pages = {1049--1060},
	Title = {{{Structure of air-water bubbly flow in a vertical pipe---I. Liquid mean velocity and turbulence measurements}}},
	Volume = {36},
	Year = {1993}}

@article{Liu2005,
	Author = {Liu, Lan and Matar, Omar K. and Susana Perez de Ortiz, E. and Hewitt, Geoffrey F.},
	Journal = {Chem. Eng. Sci.},
	Pages = {85--94},
	Title = {Experimental investigation of phase inversion in a stirred vessel using {{LIF}}},
	Volume = {60},
	Year = {2005}}

@article{Liu2006,
	Author = {Liu, Lan and Matar, Omar K. and Lawrence, Christopher J. and Hewitt, Geoffrey F.},
	Journal = {Chem. Eng. Sci.},
	Pages = {4007--4021},
	Title = {{{Laser-induced fluorescence (LIF) studies of liquid--liquid flows. Part I: Flow structures and phase inversion}}},
	Volume = {61},
	Year = {2006}}

@article{Liu2014,
	Author = {Liu, Lei and Li, Xiaobai and Tong, Li and Liu, Yanwei},
	Journal = {J. Pet. Sci. Eng.},
	Pages = {1--10},
	Title = {Effect of surfactant additive on vertical two-phase flow},
	Volume = {115},
	Year = {2014}}

@article{Lohse2008,
	Author = {Detlef Lohse},
	Journal = {Physics},
	Pages = {18},
	Title = {Particles go with the flow},
	Volume = {1},
	Year = {2008}}

@article{Lohse2010,
	Author = {D. Lohse and K.-Q. Xia},
	Journal = {Annu. Rev. Fluid Mech.},
	Pages = {335--364},
	Title = {{{Small-Scale Properties of Turbulent {{Rayleigh-B{\'e}nard}} Convection}}},
	Volume = {42},
	Year = {2010}}

@article{Lu2005,
	Author = {Jiacai Lu and Arturo {Fern\'andez} and Gretar Tryggvason},
	Journal = {Phys. Fluids},
	Pages = {095102},
	Title = {The effect of bubbles on the wall drag in a turbulent channel flow},
	Volume = {17},
	Year = {2005}}

@article{Lundell2011,
	Author = {Lundell, Fredrik and {S\"oderberg}, L. Daniel and Alfredsson, P. Henrik},
	Journal = {Annu. Rev. Fluid Mech.},
	Pages = {195--217},
	Title = {{{Fluid Mechanics of Papermaking}}},
	Volume = {43},
	Year = {2011}}

@article{MacDonald2016,
	Author = {MacDonald, M. and Chan, L. and Chung, D. and Hutchins, N. and Ooi, A.},
	Journal = {J. Fluid Mech.},
	Pages = {130--161},
	Title = {Turbulent flow over transitionally rough surfaces with varying roughness densities},
	Volume = {804},
	Year = {2016}}

@article{MacDonald2017,
	Author = {MacDonald, M. and Chung, D. and Hutchins, N. and Chan, L. and Ooi, A. and Garc{\'\i}a-Mayoral, R.},
	Journal = {J. Fluid Mech.},
	Pages = {5--42},
	Title = {The minimal-span channel for rough-wall turbulent flows},
	Volume = {816},
	Year = {2017}}

@article{MacDonald2018,
	Author = {MacDonald, M. and Ooi, A. and {Garc\'ia-Mayoral}, R. and Hutchins, N. and Chung, D.},
	Journal = {J. Fluid Mech.},
	Pages = {126--155},
	Title = {Direct numerical simulation of high aspect ratio spanwise-aligned bars},
	Volume = {843},
	Year = {2018}}

@article{Machicoane2014,
	Author = {Machicoane, Nathana{\"e}l and Zimmermann, Robert and Fiabane, Lionel and Bourgoin, {Micka\"el}l and Pinton, {Jean-Fran\c cois} and Volk, Romain},
	Journal = {New. J. Phys.},
	Pages = {013053},
	Title = {Large sphere motion in a nonhomogeneous turbulent flow},
	Volume = {16},
	Year = {2014}}

@article{Machicoane2016,
	Author = {Machicoane, {Nathana\"el} and Volk, Romain},
	Journal = {Phys. Fluids},
	Pages = {035113},
	Title = {Lagrangian velocity and acceleration correlations of large inertial particles in a closed turbulent flow},
	Volume = {28},
	Year = {2016}}

@article{Madavan1984,
	Author = {Madavan, NK and Deutsch, S and Merkle, CL},
	Journal = {Phys. Fluids},
	Pages = {356--363},
	Title = {Reduction of turbulent skin friction by microbubbles},
	Volume = {27},
	Year = {1984}}

@article{Majji2017,
	Author = {Majji, Madhu V. and Banerjee, Sanjoy and Morris, Jeffrey F.},
	Journal = {J. Fluid Mech.},
	Pages = {936--969},
	Title = {Inertial flow transitions of a suspension in {{Taylor--Couette}} geometry},
	Volume = {835},
	Year = {2017}}

@article{Majji2018,
	Author = {Majji, Madhu V. and Morris, Jeffrey F.},
	Journal = {Phys. Fluids},
	Pages = {033303},
	Title = {Inertial migration of particles in {{Taylor--Couette}} flows},
	Volume = {30},
	Year = {2018}}

@article{Marchioli2010,
	Author = {Marchioli, Cristian and Fantoni, Marco and Soldati, Alfredo},
	Journal = {Phys. Fluids},
	Pages = {033301},
	Title = {Orientation, distribution, and deposition of elongated, inertial fibers in turbulent channel flow},
	Volume = {22},
	Year = {2010}}

@article{Marchioli2013,
	Author = {Cristian Marchioli and Alfredo Soldati},
	Journal = {Acta Mech.},
	Pages = {2311--2329},
	Title = {Rotation statistics of fibers in wall shear turbulence},
	Volume = {224},
	Year = {2013}}

@article{Marcq2012,
	Author = {S. Marcq and J. Weiss},
	Journal = {Cryosphere},
	Pages = {143--156},
	Title = {Influence of sea ice lead-width distribution on turbulent heat transfer between the ocean and the atmosphere},
	Volume = {6},
	Year = {2012}}

@article{Marcus2014,
	Author = {Guy G. Marcus and Shima Parsa and Stefan Kramel and Rui Ni and Greg. A. Voth},
	Journal = {New. J. Phys.},
	Pages = {102001},
	Title = {{{Measurements of the solid-body rotation of anisotropic particles in 3D turbulence}}},
	Volume = {16},
	Year = {2014}}

@article{Marshall1999,
	Author = {J. Marshall and F. Schott},
	Journal = {Rev. Geophys.},
	Pages = {1--64},
	Title = {{{Open-ocean convection: Observations, theory, and models}}},
	Volume = {37},
	Year = {1999}}

@article{Maryami2014,
	Author = {R. Maryami and S. Farahat and M. {Javad poor} and M. H. {Shafiei Mayam}},
	Journal = {Fluid Dyn. Res.},
	Pages = {055504},
	Title = {{Bubbly drag reduction in a vertical {{Couette--Taylor}} system with superimposed axial flow}},
	Volume = {46},
	Year = {2014}}

@article{Mathai2015,
	Author = {Varghese Mathai and Vivek N. Prakash and Jon Brons and Chao Sun and Detlef Lohse},
	Journal = {Phys. Rev. Lett.},
	Pages = {124501},
	Title = {{{Wake-Driven Dynamics of Finite-Sized Buoyant Spheres in Turbulence}}},
	Volume = {115},
	Year = {2015}}

@article{Mathai2016,
	Author = {Varghese Mathai and Enrico Calzavarini and Jon Brons and Chao Sun and Detlef Lohse},
	Journal = {Phys. Rev. Lett.},
	Pages = {024501},
	Title = {{{Microbubbles and Microparticles are Not Faithful Tracers of Turbulent Acceleration}}},
	Volume = {117},
	Year = {2016}}

@article{Mathai2016b,
	Author = {Mathai, Varghese and Neut, Matthijs W. M. and {van der Poel}, Erwin P. and Sun, Chao},
	Journal = {Exp. Fluids},
	Pages = {51},
	Title = {Translational and rotational dynamics of a large buoyant sphere in turbulence},
	Volume = {57},
	Year = {2016}}

@article{Mathai2018,
	Author = {Mathai, Varghese and Huisman, Sander G. and Sun, Chao and Lohse, Detlef and Bourgoin, {Micka\"el}},
	Journal = {Phys. Rev. Lett.},
	Pages = {054501},
	Title = {{Dispersion of Air Bubbles in Isotropic Turbulence}},
	Volume = {121},
	Year = {2018}}

@article{Mathai2018b,
	Author = {Mathai, Varghese and Zhu, Xiaojue and Sun, Chao and Lohse, Detlef},
	Journal = {Nat. Commun.},
	Pages = {1792},
	Title = {Flutter to tumble transition of buoyant spheres triggered by rotational inertia changes},
	Volume = {9},
	Year = {2018}}

@article{Maxey1983,
	Author = {Martin R. Maxey and James J. Riley},
	Journal = {Phys. Fluids},
	Pages = {883},
	Title = {Equation of motion for a small rigid sphere in a nonuniform flow},
	Volume = {26},
	Year = {1983}}

@article{Mazzitelli2003,
	Author = {Irene M. Mazzitelli and Detlef Lohse and Federico Toschi},
	Journal = {Phys. Fluids},
	Pages = {L5},
	Title = {The effect of microbubbles on developed turbulence},
	Volume = {15},
	Year = {2003}}

@book{mcClements2004,
	Author = {McClements, David Julian},
	Edition = {2nd},
	Publisher = {CRC press},
	Title = {Food emulsions: principles, practices, and techniques},
	Year = {2004}}

@article{mcCormick1973,
	Author = {McCormick, M. E. and Bhattacharyya, R.},
	Journal = {Nav. Eng. J.},
	Pages = {11--16},
	Title = {Drag reduction of a submersible hull by electrolysis},
	Volume = {85},
	Year = {1973}}

@article{McKenzie1974,
	Author = {D. P. McKenzie and J. M. Roberts and N. O. Weiss},
	Journal = {J. Fluid Mech.},
	Pages = {465--538},
	Title = {{{Convection in the {{E}}arth's mantle: towards a numerical simulation}}},
	Volume = {62},
	Year = {1974}}

@article{McKeon2005,
	Author = {McKeon, B. J. and Zagarola, M. V. and Smits, A. J.},
	Journal = {J. Fluid Mech.},
	Pages = {429--443},
	Title = {A new friction factor relationship for fully developed pipe flow},
	Volume = {538},
	Year = {2005}}

@article{Medjnoun2018,
	Author = {Medjnoun, T. and Vanderwel, C. and Ganapathisubramani, B.},
	Journal = {J. Fluid Mech.},
	Pages = {516--543},
	Title = {Characteristics of turbulent boundary layers over smooth surfaces with spanwise heterogeneities},
	Volume = {838},
	Year = {2018}}

@article{Mejia-Alvarez2013,
	Author = {{Mejia-Alvarez}, R. and Christensen, K. T.},
	Journal = {Phys. Fluids},
	Pages = {115109},
	Title = {Wall-parallel stereo particle-image velocimetry measurements in the roughness sublayer of turbulent flow overlying highly irregular roughness},
	Volume = {25},
	Year = {2013}}

@article{Mercado2012,
	Author = {{Mart\'inez Mercado}, {Juli\'an} and Prakash, Vivek N. and Tagawa, Yoshiyuki and Sun, Chao and Lohse, Detlef},
	Journal = {Physics of Fluids},
	Pages = {055106},
	Title = {Lagrangian statistics of light particles in turbulence},
	Volume = {24},
	Year = {2012}}

@article{Middleman1974,
	Author = {Middleman, Stanley},
	Journal = {Ind. Eng. Chem. Process Des. Dev.},
	Pages = {78--83},
	Title = {{{Drop Size Distributions Produced by Turbulent Pipe Flow of Immiscible Fluids through a Static Mixer}}},
	Volume = {13},
	Year = {1974}}

@article{Mira2003,
	Author = {Mira, Isabel and Zambrano, Noelia and Tyrode, Eric and {M\'arquez}, Laura and {Pe\~na}, Alejandro A. and Pizzino, Aldo and Salager, Jean-Louis},
	Journal = {Ind. Eng. Chem. Res.},
	Pages = {57--61},
	Title = {{{Emulsion Catastrophic Inversion from Abnormal to Normal Morphology. 2. Effect of the Stirring Intensity on the Dynamic Inversion Frontier}}},
	Volume = {42},
	Year = {2003}}

@article{Moosaie2013,
	Author = {A. Moosaie and M. Manhart},
	Journal = {Acta Mech.},
	Pages = {2385--2413},
	Title = {Direct {{Monte Carlo}} simulation of turbulent drag reduction by rigid fibers in a channel flow},
	Volume = {224},
	Year = {2013}}

@article{Moosaie2015,
	Author = {Amin Moosaie and Michael Manhart},
	Journal = {J. Non-Newton. Fluid},
	Pages = {249--256},
	Title = {On the structure of vorticity and near-wall partial enstrophy in fibrous drag-reduced turbulent channel flow},
	Volume = {223},
	Year = {2015}}

@article{Moradpour2011,
	Author = {Moradpour, Hossein and Chapoy, Antonin and Tohidi, Bahman},
	Journal = {Energy Fuels},
	Pages = {5736--5745},
	Title = {{{Phase Inversion in Water--Oil Emulsions with and without Gas Hydrates}}},
	Volume = {25},
	Year = {2011}}

@article{Mordant2004,
	Author = {N. Mordant and A.M. Crawford and E. Bodenschatz},
	Journal = {Phys.-d nonlinear phenom.},
	Pages = {245--251},
	Title = {{{Experimental Lagrangian acceleration probability density function measurement}}},
	Volume = {193},
	Year = {2004}}

@article{Mortensen2008,
	Author = {Mortensen, P. H. and Andersson, H. I. and Gillissen, J. J. J. and Boersma, B. J.},
	Journal = {Phys. Fluids},
	Pages = {093302},
	Title = {Dynamics of prolate ellipsoidal particles in a turbulent channel flow},
	Volume = {20},
	Year = {2008}}

@article{Mortensen2008b,
	Author = {Mortensen, P.H. and Andersson, H.I. and Gillissen, J.J.J. and Boersma, B.J.},
	Journal = {Int. J. Multiph. Flow},
	Pages = {678--683},
	Title = {On the orientation of ellipsoidal particles in a turbulent shear flow},
	Volume = {34},
	Year = {2008}}

@article{Mulligan2018,
	Author = {Mulligan, Sean and De Cesare, Giovanni and Casserly, John and Sherlock, Richard},
	Journal = {Sci. Rep.},
	Pages = {824},
	Title = {Understanding turbulent free-surface vortex flows using a {{Taylor--Couette}} flow analogy},
	Volume = {8},
	Year = {2018}}

@article{Murai2005,
	Author = {Murai, Y. and Oiwa, H. and Takeda, Y.},
	Journal = {J. Phys. Conf. Ser.},
	Pages = {143--156},
	Title = {Bubble behavior in a vertical {{Taylor--Couette}} flow},
	Volume = {14},
	Year = {2005}}

@article{Murai2007,
	Author = {Murai, Yuichi and Fukuda, Hiroshi and Oishi, Yoshihiko and Kodama, Yoshiaki and Yamamoto, Fujio},
	Journal = {Int. J. Heat Fluid Fl.},
	Pages = {147--163},
	Title = {Skin friction reduction by large air bubbles in a horizontal channel flow},
	Volume = {33},
	Year = {2007}}

@article{Murai2014,
	Author = {Murai, Yuichi},
	Journal = {Exp. Fluids},
	Pages = {1773},
	Title = {Frictional drag reduction by bubble injection},
	Volume = {55},
	Year = {2014}}

@article{Muste1997,
	Author = {M. Muste and V. C. Patel},
	Journal = {J. Hydraul. Eng.},
	Pages = {742--751},
	Title = {Velocity profiles for particles and liquid in open-channel flow with suspended sediment},
	Volume = {123},
	Year = {1997}}

@article{Naso2010,
	Author = {Aurore Naso and Andrea Prosperetti},
	Journal = {New J. Phys.},
	Pages = {033040},
	Title = {The interaction between a solid particle and a turbulent flow},
	Volume = {12},
	Year = {2010}}

@article{Newsom1998,
	Author = {Newsom, R.K. and Bruce, C.W.},
	Journal = {J. Aerosol Sci.},
	Pages = {773--797},
	Title = {Orientational properties of fibrous aerosols in atmospheric turbulence},
	Volume = {29},
	Year = {1998}}

@article{Ngan2009,
	Author = {Ngan, Kwun Ho and Ioannou, Karolina and Rhyne, Lee D. and Wang, Wei and Angeli, Panagiota},
	Journal = {Chem. Eng. Res. Des.},
	Pages = {318--324},
	Title = {A methodology for predicting phase inversion during {{liquid--liquid}} dispersed pipeline flow},
	Volume = {87},
	Year = {2009}}

@article{Nienow2004,
	Author = {Nienow, A.W},
	Journal = {Adv. Colloid Interface Sci.},
	Pages = {95--103},
	Title = {{{Break-up, coalescence and catastrophic phase inversion in turbulent contactors}}},
	Volume = {108-109},
	Year = {2004}}

@article{Nikuradse1933,
	Author = {Nikuradse, J},
	Journal = {NACA Tech. Mem.},
	Title = {Laws of flow in rough pipes},
	Volume = {1292},
	Year = {1933}}

@article{Normand1977,
	Author = {C. Normand and Y. Pomeau and M. H. Velarde},
	Journal = {Rev. Mod. Phy.},
	Pages = {465--538},
	Title = {{{Convective instability: a {physicist's} approach}}},
	Volume = {49},
	Year = {1977}}

@article{Nugroho2013,
	Author = {Nugroho, B. and Hutchins, N. and Monty, J.P.},
	Journal = {Int. J. Heat Fluid Fl.},
	Pages = {90--102},
	Title = {Large-scale spanwise periodicity in a turbulent boundary layer induced by highly ordered and directional surface roughness},
	Volume = {41},
	Year = {2013}}

@article{Olson1998,
	Author = {J. A. Olson and R. J. Kerekes},
	Journal = {J. Fluid Mech.},
	Pages = {47--64},
	Title = {The motion of fibres in turbulent flow},
	Volume = {377},
	Year = {1998}}

@article{Omer2010,
	Author = {Omer, A. and Pal, R.},
	Journal = {Chem. Eng. Technol},
	Pages = {983--992},
	Title = {{{Pipeline Flow Behavior of Water-in-Oil Emulsions with and without a Polymeric Additive in the Aqueous Phase}}},
	Volume = {33},
	Year = {2010}}

@article{Orlandi1995,
	Author = {Orlandi, Paolo},
	Journal = {J. Non-Newton. Fluid},
	Pages = {277--301},
	Title = {A tentative approach to the direct simulation of drag reduction by polymers},
	Volume = {60},
	Year = {1995}}

@article{Orlandi2008,
	Author = {Orlandi, P. and Leonardi, S.},
	Journal = {J. Fluid Mech.},
	Pages = {399--415},
	Title = {{{Direct numerical simulation of three-dimensional turbulent rough channels: parameterization and flow physics}}},
	Volume = {606},
	Year = {2008}}

@article{Ostilla-Monico2013,
	Author = {Rodolfo {Ostilla-M\'onico} and Richard J. A. M. Stevens and Siegfried Grossmann and Roberto Verzicco and Detleft Lohse},
	Journal = {J. Fluid Mech.},
	Pages = {14--46},
	Title = {{Optimal {{Taylor--Couette}} flow: direct numerical simulations}},
	Volume = {719},
	Year = {2013}}

@article{Ostilla-Monico2014,
	Author = {{Ostilla-M\'onico}, Rodolfo and {van der Poel}, Erwin P and Verzicco, Roberto and Grossmann, Siegfried and Lohse, Detlef},
	Journal = {J. Fluid Mech.},
	Pages = {1--26},
	Title = {Exploring the phase diagram of fully turbulent {{Taylor--Couette}} flow},
	Volume = {761},
	Year = {2014}}

@article{Ostilla-Monico2014b,
	Author = {{Ostilla-M\'onico}, Rodolfo and {van der Poel}, Erwin P. and Verzicco, Roberto and Grossmann, Siegfried and Lohse, Detlef},
	Journal = {Physics of Fluids},
	Pages = {015114},
	Title = {Boundary layer dynamics at the transition between the classical and the ultimate regime of {Taylor--Couette} flow},
	Volume = {26},
	Year = {2014}}

@article{Ostilla-Monico2014c,
	Author = {{Ostilla-M\'onico}, Rodolfo and Huisman, Sander G. and Jannink, Tim J. G. and {van Gils}, Dennis P. M. and Verzicco, Roberto and Grossmann, Siegfried and Sun, Chao and Lohse, Detlef},
	Journal = {J. Fluid Mech.},
	Pages = {1--29},
	Title = {{{Optimal {{Taylor--Couette}} flow: radius ratio dependence}}},
	Volume = {747},
	Year = {2014}}

@article{Ostilla-Monico2017,
	Author = {R. {Ostilla-M\'onico}},
	Journal = {J. Fluid Mech.},
	Pages = {1--4},
	Title = {Mixed thermal conditions in convection: how do continents affect the mantle's circulation?},
	Volume = {822},
	Year = {2017}}

@article{Ouellette2008,
	Author = {Ouellette, Nicholas T. and {{O'Malley}}, P. J. J. and Gollub, J. P.},
	Journal = {Phys. Rev. Lett.},
	Pages = {174504},
	Title = {{{Transport of Finite-Sized Particles in Chaotic Flow}}},
	Volume = {101},
	Year = {2008}}

@article{Pal1993,
	Author = {Pal, Rajinder},
	Journal = {AIChE J.},
	Pages = {1754--1764},
	Title = {Pipeline flow of unstable and surfactant-stabilized emulsions},
	Volume = {39},
	Year = {1993}}

@article{Pal1996,
	Author = {Pal, Rajinder},
	Journal = {AIChE J.},
	Pages = {3181--3190},
	Title = {Effect of droplet size on the rheology of emulsions},
	Volume = {42},
	Year = {1996}}

@article{Pal2000,
	Author = {Pal, Rajinder},
	Journal = {J. Colloid Interface Sci.},
	Pages = {168--175},
	Title = {{{{{Viscosity--Concentration}} Equation for Emulsions of Nearly Spherical Droplets}}},
	Volume = {231},
	Year = {2000}}

@article{Pal2007,
	Author = {Pal, Rajinder},
	Journal = {Ind. Eng. Chem. Res.},
	Pages = {618--622},
	Title = {Mechanism of Turbulent Drag Reduction in Emulsions and Bubbly Suspensions},
	Volume = {46},
	Year = {2007}}

@article{Pan1996,
	Author = {Y. Pan and S. Banerjee},
	Journal = {Phys. Fluids},
	Pages = {2733},
	Title = {Numerical simulation of particle interactions with wall turbulence},
	Volume = {8},
	Year = {1996}}

@article{Paoletti2011,
	Author = {M. S. Paoletti and Daniel P. Lathrop},
	Journal = {Phys. Rev. Lett.},
	Pages = {024501},
	Title = {{{Angular Momentum Transport in Turbulent Flow between Independently Rotating Cylinders}}},
	Volume = {106},
	Year = {2011}}

@phdthesis{Paris2001,
	Author = {Dana Anthony Paris},
	School = {Standford University},
	Title = {Turbulence attenuation in a particle-laden channel flow},
	Year = {2001}}

@article{Park2014,
	Author = {Park, Hyungmin and Sun, Guangyi and Kim, Chang-Jin {{``CJ''}}},
	Journal = {J. Fluid Mech.},
	Pages = {722--734},
	Title = {Superhydrophobic turbulent drag reduction as a function of surface grating parameters},
	Volume = {747},
	Year = {2014}}

@article{Parsa2011,
	Author = {Parsa, Shima and Guasto, Jeffrey S. and Kishore, Monica and Ouellette, Nicholas T. and Gollub, J. P. and Voth, Greg A.},
	Journal = {Phys. Fluids},
	Pages = {043302},
	Title = {Rotation and alignment of rods in {{two-dimensional}} chaotic flow},
	Volume = {23},
	Year = {2011}}

@article{Parsa2012,
	Author = {Shima Parsa and Enrico Calzavarini and Federico Toschi and Greg A. Voth},
	Journal = {Phys. Rev. Lett.},
	Pages = {134501},
	Title = {{{Rotation Rate of Rods in Turbulent Fluid Flow}}},
	Volume = {109},
	Year = {2012}}

@phdthesis{Parsa2013,
	Author = {Shima Parsa},
	School = {Wesleyan University},
	Title = {Rotational dynamics of rod particles in fluid flows},
	Year = {2013}}

@article{Paschkewitz2004,
	Author = {Paschkewitz, J. S. and Dubief, Yves and Dimitropoulos, Costas D. and Shaqfeh, Eric S. G. and Moin, Parviz},
	Journal = {J. Fluid Mech.},
	Pages = {281--317},
	Title = {Numerical simulation of turbulent drag reduction using rigid fibres},
	Volume = {518},
	Year = {2004}}

@article{Paschkewitz2005a,
	Author = {Paschkewitz, J. S. and Dimitropoulos, Costas D. and Hou, Y. X. and Somandepalli, V. S. R. and Mungal, M. G. and Shaqfeh, Eric S. G. and Moin, Parviz},
	Journal = {Phys. Fluids},
	Pages = {085101},
	Title = {An experimental and numerical investigation of drag reduction in a turbulent boundary layer using a rigid rodlike polymer},
	Volume = {17},
	Year = {2005}}

@article{Paschkewitz2005b,
	Author = {Paschkewitz, J. S. and Dubief, Yves and Shaqfeh, Eric S. G.},
	Journal = {Physics of Fluids},
	Pages = {063102},
	Title = {The dynamic mechanism for turbulent drag reduction using rigid fibers based on Lagrangian conditional statistics},
	Volume = {17},
	Year = {2005}}

@article{Perazzo2015,
	Author = {Perazzo, A. and Preziosi, V. and Guido, S.},
	Journal = {Adv. Colloid Interface Sci.},
	Pages = {581--599},
	Title = {{{Phase inversion emulsification: Current understanding and applications}}},
	Volume = {222},
	Year = {2015}}

@article{Peskin2002,
	Author = {Charles S. Peskin},
	Journal = {Acta numer.},
	Pages = {479--517},
	Title = {The immersed boundary method},
	Volume = {11},
	Year = {2002}}

@article{Picano2015,
	Author = {Francesco Picano and Wim-Paul Breugem and Luca Brandt},
	Journal = {J. Fluid Mech.},
	Pages = {463--487},
	Title = {Turbulent channel flow of dense suspensions of neutrally buoyant spheres},
	Volume = {764},
	Year = {2015}}

@article{Piela2006,
	Author = {Piela, K. and Delfos, R. and Ooms, G. and Westerweel, J. and Oliemans, R.V.A. and Mudde, R.F.},
	Journal = {Int. J. Multiph. Flow},
	Pages = {1087--1099},
	Title = {Experimental investigation of phase inversion in an {{oil--water}} flow through a horizontal pipe loop},
	Volume = {32},
	Year = {2006}}

@article{Piela2008,
	Author = {Piela, K. and Delfos, R. and Ooms, G. and Westerweel, J. and Oliemans, R.V.A.},
	Journal = {Int. J. Multiph. Flow},
	Pages = {665--677},
	Title = {On the phase inversion process in an {{oil--water}} pipe flow},
	Volume = {34},
	Year = {2008}}

@phdthesis{Piela2008thesis,
	Author = {Piela, Krzysztof},
	School = {Technical University Delft},
	Title = {Phase inversion in a dispersed oil-water and {{oil--water--gas}} flow},
	Year = {2008}}

@article{Piela2009,
	Author = {Piela, K. and Ooms, G. and Sengers, J. V.},
	Journal = {Phys. Rev. E},
	Pages = {021403},
	Title = {Phenomenological description of phase inversion},
	Volume = {79},
	Year = {2009}}

@article{Piela2009b,
	Author = {Piela, K. and Delfos, R. and Ooms, G. and Westerweel, J. and Oliemans, R.V.A.},
	Journal = {AIChE J.},
	Pages = {1090--1102},
	Title = {Dispersed oil-water-gas flow through a horizontal pipe},
	Volume = {55},
	Year = {2009}}

@article{Piela2009c,
	Author = {Piela, K. and Delfos, R. and Ooms, G. and Westerweel, J. and Oliemans, R.V.A.},
	Journal = {Int. J. Multiph. Flow},
	Pages = {91--95},
	Title = {Phase inversion in the mixing zone between a water flow and an oil flow through a pipe},
	Volume = {35},
	Year = {2009}}

@article{Piela2009d,
	Author = {Piela, K. and Djojorahardjo, E. and Koper, G.J.M. and Ooms, G.},
	Journal = {Chem. Eng. Res. Des.},
	Number = {11},
	Pages = {1466--1470},
	Title = {Influence of a surfactant or salt on phase inversion in a water--oil pipe flow},
	Volume = {87},
	Year = {2009}}

@article{Poelma2007,
	Author = {Poelma, C. and Westerweel, J. and Ooms, G.},
	Journal = {J. Fluid Mech.},
	Pages = {315--351},
	Title = {{{Particle--fluid}} interactions in grid-generated turbulence},
	Volume = {589},
	Year = {2007}}

@article{Poesio2008,
	Author = {Poesio, P. and Beretta, G.P.},
	Journal = {Int. J. Multiph. Flow},
	Pages = {684--689},
	Title = {Minimal dissipation rate approach to correlate phase inversion data},
	Volume = {34},
	Year = {2008}}

@article{Prakash2012,
	Author = {Prakash, Vivek N and Tagawa, Yoshiyuki and Calzavarini, Enrico and Mercado, Juli{\'a}n Mart{\'\i}nez and Toschi, Federico and Lohse, Detlef and Sun, Chao},
	Journal = {New J. Phys.},
	Pages = {105017},
	Title = {How gravity and size affect the acceleration statistics of bubbles in turbulence},
	Volume = {14},
	Year = {2012}}

@book{Prandtl1953,
	Author = {Prandtl, Ludwig},
	Publisher = {Blackie \& Son},
	Title = {Essentials of fluid dynamics},
	Year = {1953}}

@article{Procaccia2008,
	Author = {Procaccia, Itamar and {{L'vov}}, Victor S. and Benzi, Roberto},
	Journal = {Rev. Mod. Phys.},
	Pages = {225--247},
	Title = {{{Colloquium: Theory of drag reduction by polymers in wall-bounded turbulence}}},
	Volume = {80},
	Year = {2008}}

@article{Prosperetti2017,
	Author = {Prosperetti, Andrea},
	Journal = {Annu. Rev. Fluid Mech.},
	Pages = {221--248},
	Title = {{{Vapor Bubbles}}},
	Volume = {49},
	Year = {2017}}

@article{Pullin2017,
	Author = {Pullin, D. I. and Hutchins, N. and Chung, D.},
	Journal = {Phys. Rev. Fluids},
	Pages = {082601},
	Title = {Turbulent flow over a long flat plate with uniform roughness},
	Volume = {2},
	Year = {2017}}

@article{Pumir2011,
	Author = {Pumir, Alain and Wilkinson, Michael},
	Journal = {New. J. Phys.},
	Pages = {093030},
	Title = {Orientation statistics of small particles in turbulence},
	Volume = {13},
	Year = {2011}}

@article{Quinn1963,
	Author = {Quinn, J. A. and Sigloh, D. B.},
	Journal = {Can. J. Chem. Eng.},
	Pages = {15--18},
	Title = {Phase inversion in the mixing of immiscible liquids},
	Volume = {41},
	Year = {1963}}

@article{Qureshi2007,
	Author = {Qureshi, Nauman M. and Bourgoin, {Micka\"el}l and Baudet, Christophe and Cartellier, Alain and Gagne, Yves},
	Journal = {Phys. Rev. Lett.},
	Pages = {184502},
	Title = {{{Turbulent Transport of Material Particles: An Experimental Study of Finite Size Effects}}},
	Volume = {99},
	Year = {2007}}

@article{Rabencov2014,
	Author = {Rabencov, B. and Arca, J. and van Hout, R.},
	Journal = {Int. J. Multiph. Flow},
	Pages = {110--122},
	Title = {{{Measurement of polystyrene beads suspended in a turbulent square channel flow: Spatial distributions of velocity and number density}}},
	Volume = {62},
	Year = {2014}}

@article{Rabencov2015,
	Author = {Rabencov, B. and van Hout, R.},
	Journal = {Int. J. Multiph. Flow},
	Pages = {10--13},
	Title = {Voronoi analysis of beads suspended in a turbulent square channel flow},
	Volume = {68},
	Year = {2015}}

@article{Rashidi1990,
	Author = {Rashidi, M. and Hetsroni, G. and Banerjee, S.},
	Journal = {Int. J. Multiph. Flow},
	Pages = {935--949},
	Title = {Particle-turbulence interaction in a boundary layer},
	Volume = {16},
	Year = {1990}}

@article{Ravelet2008,
	Author = {Florent Ravelet and {Ren\'e} Delfos and Jerry Westerweel},
	Journal = {arXiv},
	Title = {Experimental studies of liquid-liquid dispersion in a turbulent shear flow},
	Year = {2008}}

@article{Reeve2002,
	Author = {Reeve, R.N. and Godfrey, J.C.},
	Journal = {Chem. Eng. Res. Des.},
	Pages = {864--871},
	Title = {{{Phase Inversion During {{Liquid--Liquid}} Mixing in Continuous Flow, {{Pump--Mix}}, Agitated Tanks}}},
	Volume = {80},
	Year = {2002}}

@article{Ren2011,
	Author = {Ren, Huiying and Wu, Yanhua},
	Journal = {Phys. Fluids},
	Pages = {045102},
	Title = {Turbulent boundary layers over smooth and rough forward-facing steps},
	Volume = {23},
	Year = {2011}}

@article{Ripesi2014,
	Author = {P. Ripesi and L. Bigerale and M. Sbragaglia and A. Wirth},
	Journal = {J. Fluid Mech.},
	Pages = {636--663},
	Title = {{{Natural convection with mixed insulating and conducting boundary conditions: low- and high-Rayleigh-number regimes}}},
	Volume = {742},
	Year = {2014}}

@article{Risso1998,
	Author = {Risso, F. and Fabre, J.},
	Journal = {J. Fluid Mech.},
	Pages = {323--355},
	Title = {Oscillations and breakup of a bubble immersed in a turbulent field},
	Volume = {372},
	Year = {1998}}

@article{Rodriguez2011,
	Author = {Rodriguez, I. H. and Yamaguti, H. K. B. and de Castro, M. S. and Da Silva, M. J. and Rodriguez, O. M. H.},
	Journal = {AIChE J.},
	Pages = {2900--2910},
	Title = {{{Drag reduction phenomenon in viscous oil-water dispersed pipe flow: Experimental investigation and phenomenological modeling}}},
	Volume = {58},
	Year = {2011}}

@article{Roghair2011,
	Author = {Ivo Roghair and Juli\'an {Mart\'inez Mercado} and Martin {van Sint Annaland} and Hans Kuipers and Chao Sun and Detlef Lohse},
	Journal = {Int. J. Multiph. Flow},
	Pages = {1093--1098},
	Title = {{{Energy spectra and bubble velocity distributions in pseudo-turbulence: Numerical simulations vs. experiments}}},
	Volume = {37},
	Year = {2011}}

@article{Rondon-Gonzalez2006,
	Author = {{Rond\'on-Gonz\'alez}, Marianna and Sadtler, {V\'eronique} and Choplin, Lionel and Salager, Jean-Louis},
	Journal = {Colloid. Surface. Physicochem. Eng. Aspect.},
	Pages = {151--157},
	Title = {Emulsion inversion from abnormal to normal morphology by continuous stirring without internal phase addition},
	Volume = {288},
	Year = {2006}}

@article{Rosen2017,
	Author = {{Ros\'en}, Tomas and Kotsubo, Yusuke and Aidun, Cyrus K. and {Do-Quang}, Minh and Lundell, Fredrik},
	Journal = {Phys. Rev. E},
	Pages = {013109},
	Title = {Orientational dynamics of a triaxial ellipsoid in simple shear flow: Influence of inertia},
	Volume = {96},
	Year = {2017}}

@article{Rosenberg2016,
	Author = {Rosenberg, Brian J. and Van Buren, Tyler and Fu, Matthew K. and Smits, Alexander J.},
	Journal = {Phys. Fluids},
	Pages = {015103},
	Title = {Turbulent drag reduction over air- and liquid- impregnated surfaces},
	Volume = {28},
	Year = {2016}}

@article{Sabban2011,
	Author = {Lilach Sabban and {Ren\'e} van Hout},
	Journal = {J. Aerosol Sci.},
	Pages = {867--882},
	Title = {Measurements of pollen grain dispersal in still air and stationary, near homogeneous, isotropic turbulence},
	Volume = {42},
	Year = {2011}}

@article{Sabban2017,
	Author = {Sabban, L. and Cohen, A. and van Hout, R.},
	Journal = {J. Fluid Mech.},
	Pages = {42--68},
	Title = {{{Temporally resolved measurements of heavy, rigid fibre translation and rotation in nearly homogeneous isotropic turbulence}}},
	Volume = {814},
	Year = {2017}}

@article{Salager2000,
	Author = {Salager, Jean-Louis and {M\'arquez}, Laura and {Pe\~na}, Alejandro A. and {Rond\'on}, Miguel and Silva, {F\'elix} and Tyrode, Eric},
	Journal = {Ind. Eng. Chem. Res.},
	Pages = {2665--2676},
	Title = {{{Current Phenomenological Know-How and Modeling of Emulsion Inversion}}},
	Volume = {39},
	Year = {2000}}

@article{Saranadhi2016,
	Author = {Saranadhi, D. and Chen, D. and Kleingartner, J. A. and Srinivasan, S. and Cohen, R. E. and McKinley, G. H.},
	Journal = {Sci. Adv.},
	Pages = {e1600686},
	Title = {Sustained drag reduction in a turbulent flow using a low-temperature {{Leidenfrost}} surface},
	Volume = {2},
	Year = {2016}}

@article{Schlichting1937,
	Author = {Schlichting, Hermann},
	Journal = {NACA Tech. Mem.},
	Title = {Experimental investigation of the problem of surface roughness},
	Volume = {823},
	Year = {1937}}

@article{Schultz2007,
	Author = {Schultz, Michael P.},
	Journal = {Biofouling},
	Pages = {331--341},
	Title = {Effects of coating roughness and biofouling on ship resistance and powering},
	Volume = {23},
	Year = {2007}}

@article{Schultz2010,
	Author = {Schultz, M. P. and Bendick, J. A. and Holm, E. R. and Hertel, W. M.},
	Journal = {Biofouling},
	Pages = {87--98},
	Title = {Economic impact of biofouling on a naval surface ship},
	Volume = {27},
	Year = {2010}}

@article{Shawkat2008,
	Author = {M. E. Shawkat and C. Y. Ching and M. Shoukri},
	Journal = {Int. J. Multiph. Flow},
	Pages = {767--785},
	Title = {Bubble and liquid turbulence characteristics of bubbly flow in a large diameter vertical pipe},
	Volume = {34},
	Year = {2008}}

@article{Shin2005,
	Author = {Mansoo Shin and Donald L. Koch},
	Journal = {J. Fluid Mech.},
	Pages = {143--173},
	Title = {Rotational and translational dispersion of fibres in isotropic turbulent flows},
	Volume = {540},
	Year = {2005}}

@manual{ShinEtsuKF96,
	Title = {Shin-Etsu Silicone Oil KF-96-1cSt}}

@article{Shinnar1961,
	Author = {Shinnar, Reuel},
	Journal = {J. Fluid Mech.},
	Pages = {259--275},
	Title = {On the behaviour of liquid dispersions in mixing vessels},
	Volume = {10},
	Year = {1961}}

@article{Shraiman1990,
	Author = {B. I. Shraiman and E. D. Siggia},
	Journal = {Phys. Rev. A},
	Pages = {3650--3653},
	Title = {Heat transport in high-{{Rayleigh}} number convection},
	Volume = {42},
	Year = {1990}}

@article{So2002,
	Author = {S. So and H. Morikita and S. Takagi and Y. Matsumoto},
	Journal = {Exp. Fluids},
	Pages = {135--142},
	Title = {{Laser Doppler velocimetry measurement of turbulent bubbly channel flow}},
	Volume = {33},
	Year = {2002}}

@article{Spandan2016,
	Author = {Spandan, V. and {Ostilla-M\'onico}, Rodolfo and Verzicco, R. and Lohse, D.},
	Journal = {J. Fluid Mech.},
	Pages = {411--435},
	Title = {{{Drag reduction in numerical two-phase Taylor--Couette turbulence using an Euler--Lagrange approach}}},
	Volume = {798},
	Year = {2016}}

@article{Spandan2018,
	Author = {Spandan, Vamsi and Verzicco, Roberto and Lohse, Detlef},
	Journal = {J. Fluid Mech.},
	Pages = {R3},
	Title = {{{Physical mechanisms governing drag reduction in turbulent Taylor--Couette flow with finite-size deformable bubbles}}},
	Volume = {849},
	Year = {2018}}

@article{Spiegel1971,
	Author = {E. A. Spiegel},
	Journal = {Ann. Rev. Astron. Astrophys.},
	Pages = {323--352},
	Title = {Convection in stars},
	Volume = {9},
	Year = {1971}}

@article{Squire2016,
	Author = {Squire, D. T. and {Morrill-Winter}, C. and Hutchins, N. and Schultz, M. P. and Klewicki, J. C. and Marusic, I.},
	Journal = {J. Fluid Mech.},
	Pages = {210--240},
	Title = {{{Comparison of turbulent boundary layers over smooth and rough surfaces up to high Reynolds numbers}}},
	Volume = {795},
	Year = {2016}}

@article{Srinivasan2015,
	Author = {Srinivasan, Siddarth and Kleingartner, Justin A. and Gilbert, Jonathan B. and Cohen, Robert E. and Milne, Andrew J. B. and McKinley, Gareth H.},
	Journal = {Phys. Rev. Lett.},
	Pages = {014501},
	Title = {{{Sustainable Drag Reduction in Turbulent Taylor-Couette Flows by Depositing Sprayable Superhydrophobic Surfaces}}},
	Volume = {114},
	Year = {2015}}

@article{Stevens2010,
	Author = {R. J. A. M. Stevens and R. Verzicco and D. Lohse},
	Journal = {J. Fluid Mech.},
	Pages = {495--507},
	Title = {Radial boundary layer structure and {{Nusselt}} number in {{Rayleigh-B{\'e}nard}} convection},
	Volume = {643},
	Year = {2010}}

@article{Stevens2011,
	Author = {R. J. A. M. Stevens and D. Lohse and R. Verzicco},
	Journal = {J. Fluid Mech.},
	Pages = {31--43},
	Title = {Prandtl and {{Rayleigh}} number dependence of heat transport in high {{Rayleigh}} number thermal convection},
	Volume = {688},
	Year = {2011}}

@article{Stickel2005,
	Author = {Jonathan J. Stickel and Robert L. Powell},
	Journal = {Annu. Rev. Fluid Mech.},
	Pages = {129--149},
	Title = {{{Fluid Mechanics and Rheology of Dense Suspensions}}},
	Volume = {37},
	Year = {2005}}

@article{Stone1989,
	Author = {Stone, H. A. and Leal, L. G.},
	Journal = {J. Fluid Mech.},
	Pages = {223--263},
	Title = {The influence of initial deformation on drop breakup in subcritical time-dependent flows at low {{Reynolds}} numbers},
	Volume = {206},
	Year = {1989}}

@article{Stone1994,
	Author = {Stone, H. A.},
	Journal = {Annu. Rev. Fluid Mech.},
	Pages = {65--102},
	Title = {{{Dynamics of Drop Deformation and Breakup in Viscous Fluids}}},
	Volume = {26},
	Year = {1994}}

@article{Stringano2006,
	Author = {Stringano, G. and Pascazio, G. and Verzicco, R.},
	Journal = {J. Fluid Mech.},
	Pages = {307--336},
	Title = {Turbulent thermal convection over grooved plates},
	Volume = {557},
	Year = {2006}}

@article{Subramanian2005,
	Author = {G. Subramanian and Donald L. Koch},
	Journal = {J. Fluid Mech.},
	Pages = {383--414},
	Title = {Inertial effects on fibre motion in simple shear flow},
	Volume = {535},
	Year = {2005}}

@article{Sugiyama2008,
	Author = {Sugiyama,Kazuyasu and Calzavarini, Enrico and Lohse, Detlef},
	Journal = {J. Fluid Mech.},
	Pages = {21--41},
	Title = {Microbubbly drag reduction in Taylor--Couette flow in the wavy vortex regime},
	Volume = {608},
	Year = {2008}}

@article{Szeri1993,
	Author = {Szeri, Andrew J. and Leal, L. Gary},
	Journal = {J. Fluid Mech.},
	Pages = {143--167},
	Title = {Microstructure suspended in three-dimensional flows},
	Volume = {250},
	Year = {1993}}

@article{Tagawa2013,
	Author = {Yoshiyuki Tagawa and Ivo Roghair and Vivek N. Prakash and Martin {van Sint Annaland} and Hans Kuipers and Chao Sun and Detlef Lohse},
	Journal = {J. Fluid Mech.},
	Pages = {R2},
	Title = {The clustering morphology of freely rising deformable bubbles},
	Volume = {721},
	Year = {2013}}

@article{Takagi2008,
	Author = {Shu Takagi and Toshiyuki Ogasawara and Yoichiro Matsumoto},
	Journal = {Phil. Trans. R. Soc. A},
	Pages = {2117--2129},
	Title = {The effects of surfactant on the multiscale structure of bubbly flows.},
	Volume = {366},
	Year = {2008}}

@article{Taylor1923,
	Author = {G. I. Taylor},
	Journal = {Proc. Royal Soc. A},
	Pages = {58--61},
	Title = {{{The Motion of Ellipsoidal Particles in a Viscous Fluid}}},
	Volume = {103},
	Year = {1923}}

@article{Taylor1923b,
	Author = {Taylor, G. I.},
	Journal = {Proc. Royal Soc. Lond. A},
	Pages = {541--542},
	Title = {{{Stability of a Viscous Liquid Contained between Two Rotating Cylinders}}},
	Volume = {102},
	Year = {1923}}

@article{Taylor1932,
	Author = {Taylor, G. I.},
	Journal = {Proc. Royal Soc. A},
	Pages = {41--48},
	Title = {{{The Viscosity of a Fluid Containing Small Drops of Another Fluid}}},
	Volume = {138},
	Year = {1932}}

@article{Tcholakova2011,
	Author = {Tcholakova, Slavka and Lesov, Ivan and Golemanov, Konstantin and Denkov, Nikolai D. and Judat, Sonja and Engel, Robert and Danner, Thomas},
	Journal = {Langmuir},
	Pages = {14783--14796},
	Title = {{{Efficient Emulsification of Viscous Oils at High Drop Volume Fraction}}},
	Volume = {27},
	Year = {2011}}

@article{Tisserand2011,
	Author = {J. C. Tisserand and M. Creyssels and Y. Gasteuil and H. Pabiou and M. Gibert and B. Castating and F. Chilla},
	Journal = {Phys. Fluids},
	Pages = {015105},
	Title = {Comparison between rough and smooth plates within the same {{{Rayleigh-B\'enard}}} cell},
	Volume = {23},
	Year = {2011}}

@article{Toschi2009,
	Author = {Federico Toschi and Eberhard Bodenschatz},
	Journal = {Annu. Rev. Fluid Mech.},
	Pages = {375-404},
	Title = {{{Lagrangian Properties of Particles in Turbulence}}},
	Volume = {41},
	Year = {2009}}

@book{Townsend1976,
	Author = {Townsend, A. A. R.},
	Publisher = {{Cambridge University Press}},
	Title = {The structure of turbulent shear flow},
	Year = {1976}}

@techreport{tradefuel2009,
	Author = {{{United States Environmental Protection Agency}}},
	Institution = {United States Environmental Protection Agency},
	Title = {Global Trade and Fuels Assessment --- Additional ECA Modeling Scenarios},
	Year = {2012}}

@article{Trebbin2013,
	Author = {M. Trebbin and D. Steinhauser and J. Perlich and A. Buffet and S. V. Roth and W. Zimmermann and J. Thiele and S. Forster},
	Journal = {Proc. Natl. Acad. Sci.},
	Pages = {6706--6711},
	Title = {Anisotropic particles align perpendicular to the flow direction in narrow microchannels},
	Volume = {110},
	Year = {2013}}

@article{Tsuji1984,
	Author = {Ytaka Tsuji and Yoshinobu Morikawa and Hiroshi Shiomi},
	Journal = {J. Fluid Mech.},
	Pages = {417--434},
	Title = {{{LDV}} measurements of an air-solid two-phase flow in a vertical pipe},
	Volume = {139},
	Year = {1984}}

@article{Tyrode2003,
	Author = {Tyrode, Eric and Mira, Isabel and Zambrano, Noelia and {M\'arquez}, Laura and {Rond\'on-Gonzalez}, Marianna and Salager, Jean-Louis},
	Journal = {Ind. Eng. Chem. Res.},
	Pages = {4311--4318},
	Title = {{{Emulsion Catastrophic Inversion from Abnormal to Normal Morphology. 3. Conditions for Triggering the Dynamic Inversion and Application to Industrial Processes}}},
	Volume = {42},
	Year = {2003}}

@article{Tyrode2005,
	Author = {Tyrode, Eric and Allouche, Joachim and Choplin, Lionel and Salager, Jean-Louis},
	Journal = {Ind. Eng. Chem. Res.},
	Pages = {67--74},
	Title = {{{Emulsion Catastrophic Inversion from Abnormal to Normal Morphology. 4. Following the Emulsion Viscosity during Three Inversion Protocols and Extending the Critical Dispersed-Phase Concept}}},
	Volume = {44},
	Year = {2005}}

@article{Uhlmann2008,
	Author = {Markus Uhlmann},
	Journal = {Phys. Fluids},
	Pages = {053305},
	Title = {Interface-resolved direct numerical simulation of vertical particulate channel flow in the turbulent regime},
	Volume = {20},
	Year = {2008}}

@article{Unverdi1992,
	Author = {Salih O. Unverdi and {Gr\'etar} Tryggvason},
	Journal = {J. Comput. Phys.},
	Pages = {25--37},
	Title = {A front-tracking method for viscous, incompressible, multi-fluid flows},
	Volume = {100},
	Year = {1992}}

@article{Vaessen1996,
	Author = {Vaessen, G. E. J. and Visschers, M. and Stein, H. N.},
	Journal = {Langmuir},
	Pages = {875--882},
	Title = {{{Predicting Catastrophic Phase Inversion on the Basis of Droplet Coalescence Kinetics}}},
	Volume = {12},
	Year = {1996}}

@article{vanBuren2017,
	Author = {Van Buren, Tyler and Smits, Alexander J.},
	Journal = {J. Fluid Mech.},
	Pages = {448--456},
	Title = {Substantial drag reduction in turbulent flow using liquid-infused surfaces},
	Volume = {827},
	Year = {2017}}

@article{vandenBerg2003,
	Author = {van den Berg, Thomas H. and Doering, Charles R. and Lohse, Detlef and Lathrop, Daniel P.},
	Journal = {Phys. Rev. E},
	Pages = {036307},
	Title = {Smooth and rough boundaries in turbulent {{Taylor-Couette}} flow},
	Volume = {68},
	Year = {2003}}

@article{vandenBerg2005,
	Author = {Thomas H. {van den Berg} and Stefan Luther and Daniel P. Lathrop and Detlef Lohse},
	Journal = {Phys. Rev. Lett.},
	Pages = {044501},
	Title = {{Drag Reduction in Bubbly Taylor-Couette Turbulence}},
	Volume = {94},
	Year = {2005}}

@article{vandenBerg2007,
	Author = {Thomas H. {van den Berg} and Dennis P. M. {van Gils} and Daniel P. Lathrop and Detlef Lohse},
	Journal = {Phys. Rev. Lett.},
	Pages = {084501},
	Title = {{{Bubbly Turbulent Drag Reduction Is a Boundary Layer Effect}}},
	Volume = {98},
	Year = {2007}}

@article{vanderPoel2014,
	Author = {E. P. {van der Poel} and R. {Ostilla-M\'onico} and R. Verzicco and D. Lohse},
	Journal = {Phys. Rev. E},
	Pages = {013017},
	Title = {Effect of velocity boundary conditions on the heat transfer and flow topology in two-dimensional {{Rayleigh-B\'{e}nard}} convection},
	Volume = {90},
	Year = {2014}}

@article{vanderPoel2015,
	Author = {E. P. {van der Poel} and R. {Ostilla-M\'onico} and J. Donners and R. Verzicco},
	Journal = {Comp. Fluids},
	Pages = {10--16},
	Title = {A pencil distributed finite difference code for strongly turbulent wall-bounded flows},
	Volume = {116},
	Year = {2015}}

@article{vanderVeen2016,
	Author = {{van der Veen}, Roeland C. A. and Huisman, Sander G. and Dung, On-Yu and Tang, Ho L. and Sun, Chao and Lohse, Detlef},
	Journal = {Phys. Rev. Fluids},
	Pages = {024401},
	Title = {Exploring the phase space of multiple states in highly turbulent Taylor-Couette flow},
	Volume = {1},
	Year = {2016}}

@article{vanderWel2015,
	Author = {Vanderwel, Christina and Ganapathisubramani, Bharathram},
	Journal = {J. Fluid Mech.},
	Pages = {R2},
	Title = {Effects of spanwise spacing on large-scale secondary flows in rough-wall turbulent boundary layers},
	Volume = {774},
	Year = {2015}}

@article{vanGils2011,
	Author = {Dennis P.M. {van Gils} and Gert-Wim Bruggert and Daniel P. Lathrop and Chao Sun and Detlef Lohse},
	Journal = {Rev. Sci. Instr.},
	Pages = {025105},
	Title = {The {{Twente}} turbulent {{Taylor-Couette}} {\textit{($T^3C$)}} facility: strongly turbulent (multiphase) flow between independently rotating cylinders},
	Volume = {82},
	Year = {2011}}

@article{vanGils2011b,
	Author = {{van Gils}, Dennis P. M. and Huisman, Sander G. and Bruggert, Gert-Wim and Sun, Chao and Lohse, Detlef},
	Journal = {Phys. Rev. Lett.},
	Pages = {024502},
	Title = {{{Torque Scaling in Turbulent Taylor-Couette Flow with Co- and Counterrotating Cylinders}}},
	Volume = {106},
	Year = {2011}}

@article{vanGils2012,
	Author = {{van Gils}, Dennis P. M. and Huisman, Sander G. and Grossmann, Siegfried and Sun, Chao and Lohse, Detlef},
	Journal = {J. Fluid Mech.},
	Pages = {118--149},
	Title = {Optimal {{Taylor--Couette}} turbulence},
	Volume = {706},
	Year = {2012}}

@article{vanGils2013,
	Author = {Dennis P.M. {van Gils} and Daniela {Narezo Guzman} and Chao Sun and Detlef Lohse},
	Journal = {J. Fluid Mech.},
	Pages = {317--347},
	Title = {{The importance of bubble deformability for strong drag reduction in bubbly turbulent {Taylor--Couette} flow}},
	Volume = {722},
	Year = {2013}}

@article{vanHout2013,
	Author = {R. van Hout and L. Sabban and A. Cohen},
	Journal = {Acta Mech.},
	Pages = {2263--2280},
	Title = {The use of high-speed {PIV} and holographic cinematography in the study of fiber suspension flows},
	Volume = {224},
	Year = {2013}}

@article{vanHout2013b,
	Author = {van Hout, {Ren\'e}},
	Journal = {J. Fluid Mech.},
	Pages = {389--423},
	Title = {Spatially and temporally resolved measurements of bead resuspension and saltation in a turbulent water channel flow},
	Volume = {715},
	Year = {2013}}

@article{Vercruysse2017,
	Author = {Vercruysse, Kim and Grabowski, Robert C. and Rickson, R.J.},
	Journal = {Earth-Sci. Rev.},
	Pages = {38--52},
	Title = {{{Suspended sediment transport dynamics in rivers: Multi-scale drivers of temporal variation}}},
	Volume = {166},
	Year = {2017}}

@article{Verschoof2016,
	Author = {Ruben A. Verschoof and Roeland C.A. {van der Veen} and Chao Sun and Detlef Lohse},
	Journal = {Phys. Rev. Lett.},
	Pages = {104502},
	Title = {{{Bubble Drag Reduction Requires Large Bubbles}}},
	Volume = {117},
	Year = {2016}}

@article{Verschoof2018,
	Author = {Verschoof, Ruben A. and Bakhuis, Dennis and Bullee, Pim A. and Huisman, Sander G. and Sun, Chao and Lohse, Detlef},
	Journal = {J. Fluid Mech.},
	Pages = {436--446},
	Title = {The influence of wall roughness on bubble drag reduction in {{Taylor--Couette}} turbulence},
	Volume = {851},
	Year = {2018}}

@article{Verschoof2018b,
	Author = {Verschoof, Ruben A. and Bakhuis, Dennis and Bullee, Pim A. and Huisman, Sander G. and Sun, Chao and Lohse, Detlef},
	Journal = {Int. J. Multiph. Flow},
	Pages = {264--273},
	Title = {Air cavities at the inner cylinder of turbulent {{Taylor--Couette}} flow},
	Volume = {105},
	Year = {2018}}

@article{Verschoof2018c,
	Author = {Verschoof, Ruben A. and Zhu, Xiaojue and Bakhuis, Dennis and Huisman, Sander G. and Verzicco, Roberto and Sun, Chao and Lohse, Detlef},
	Journal = {Eur. Phys. J. E},
	Pages = {125},
	Title = {{{Rough-wall turbulent Taylor-Couette flow: The effect of the rib height}}},
	Volume = {41},
	Year = {2018}}

@article{Verzicco1996,
	Author = {R. Verzicco and P. Orlandi},
	Journal = {J. Comput. Phys.},
	Pages = {402--413},
	Title = {A finite-difference scheme for three-dimensional incompressible flow in cylindrical coordinates},
	Volume = {123},
	Year = {1996}}

@article{Verzicco2004,
	Author = {R. Verzicco},
	Journal = {Phys. Fluids},
	Pages = {1965--1979},
	Title = {Effect of non-perfect thermal sources in turbulent thermal convection},
	Volume = {16},
	Year = {2004}}

@article{Villermaux2007,
	Author = {E. Villermaux},
	Journal = {Annu. Rev. Fluid Mech.},
	Pages = {419--446},
	Title = {Fragmentation},
	Volume = {39},
	Year = {2007}}

@article{Vincenzi2013,
	Author = {Vincenzi, Dario},
	Journal = {J. Fluid Mech.},
	Pages = {465--487},
	Title = {Orientation of non-spherical particles in an axisymmetric random flow},
	Volume = {719},
	Year = {2013}}

@article{Volk2011,
	Author = {R. Volk and E. Calzavarini and E. {L\'ev\^eque} and J.-F. Pinton},
	Journal = {J. Fluid Mech.},
	Pages = {223--235},
	Title = {Dynamics of inertial particles in a turbulent von {K\'arm\'an} flow},
	Volume = {668},
	Year = {2011}}

@article{Voth2002,
	Author = {Voth, Greg A. and Haller, G. and Gollub, J. P.},
	Journal = {Phys. Rev. Lett.},
	Pages = {254501},
	Title = {{{Experimental Measurements of Stretching Fields in Fluid Mixing}}},
	Volume = {88},
	Year = {2002}}

@article{Voth2017,
	Author = {Greg A. Voth and Alfredo Soldati},
	Journal = {Annu. Rev. Fluid Mech.},
	Pages = {249--276},
	Title = {{{Anisotropic Particles in Turbulence}}},
	Volume = {49},
	Year = {2017}}

@article{Vreman2015,
	Author = {Vreman, A. W.},
	Journal = {J. Fluid Mech.},
	Pages = {103--136},
	Title = {Turbulence attenuation in particle-laden flow in smooth and rough channels},
	Volume = {773},
	Year = {2015}}

@article{Wang2006,
	Author = {Wang, Zhi-Qian and Cheng, Nian-Sheng},
	Journal = {Adv. Water Resour.},
	Pages = {1634--1649},
	Title = {Time-mean structure of secondary flows in open channel with longitudinal bedforms},
	Volume = {29},
	Year = {2006}}

@article{Wang2017,
	Author = {F. Wang and S.-D. Huang and K.-Q. Xia},
	Journal = {J. Fluid Mech.},
	Pages = {R1},
	Title = {{{Thermal convection with mixed thermal boundary conditions: Effects of insulating lids at the top}}},
	Volume = {817},
	Year = {2017}}

@article{Wang2017b,
	Author = {Yayun Wang and Adam J. Sierakowski and Andrea Prosperetti},
	Journal = {J. Comput. Phys.},
	Pages = {638--656},
	Title = {{{Fully-resolved simulation of particulate flows with particles{\textendash}fluid heat transfer}}},
	Volume = {350},
	Year = {2017}}

@article{White2008,
	Author = {White, Christopher M. and Mungal, M Godfrey},
	Journal = {Annu. Rev. Fluid Mech.},
	Pages = {235--256},
	Title = {{{Mechanics and Prediction of Turbulent Drag Reduction with Polymer Additives}}},
	Volume = {40},
	Year = {2008}}

@article{Whitehead2015,
	Author = {J. A. Whitehead and M. D. Behn},
	Journal = {Geoph. Res. Lett.},
	Pages = {2015GL064480},
	Title = {The continental drift convection cell},
	Volume = {42},
	Year = {2015}}

@article{Wilkinson2009,
	Author = {Wilkinson, Michael and Bezuglyy, Vlad and Mehlig, Bernhard},
	Journal = {Phys. Fluids},
	Pages = {043304},
	Title = {Fingerprints of random flows?},
	Volume = {21},
	Year = {2009}}

@article{Willingham2014,
	Author = {Willingham, David and Anderson, William and Christensen, Kenneth T. and Barros, Julio M.},
	Journal = {Phys. Fluids},
	Pages = {025111},
	Title = {{{Turbulent boundary layer flow over transverse aerodynamic roughness transitions: Induced mixing and flow characterization}}},
	Volume = {26},
	Year = {2014}}

@article{Wirth2006,
	Author = {A. Wirth and B. Barnier},
	Journal = {Ocean Model.},
	Pages = {101--111},
	Title = {Tilted convective plumes in numerical experiments},
	Volume = {12},
	Year = {2006}}

@article{Wu2007,
	Author = {Wu, Y. and Christensen, K. T.},
	Journal = {Phys. Fluids},
	Pages = {085108},
	Title = {Outer-layer similarity in the presence of a practical rough-wall topography},
	Volume = {19},
	Year = {2007}}

@article{Xu2008,
	Author = {Xu, Haitao and Bodenschatz, Eberhard},
	Journal = {Physica D},
	Pages = {2095--2100},
	Title = {Motion of inertial particles with size larger than {{Kolmogorov}} scale in turbulent flows},
	Volume = {237},
	Year = {2008}}

@article{Yang2015,
	Author = {Yang, Yantao and Verzicco, Roberto and Lohse, Detlef},
	Journal = {Proc. Natl. Acad. Sci.},
	Pages = {69--73},
	Title = {From convection rolls to finger convection in double-diffusive turbulence},
	Volume = {113},
	Year = {2015}}

@article{Yang2017,
	Author = {Yang, Jianzhi and Anderson, William},
	Journal = {Flow Turbul. Combust.},
	Pages = {1--17},
	Title = {{{Numerical Study of Turbulent Channel Flow over Surfaces with Variable Spanwise Heterogeneities: Topographically-driven Secondary Flows Affect Outer-layer Similarity of Turbulent Length Scales}}},
	Volume = {100},
	Year = {2017}}

@article{Yeo2002,
	Author = {Y. Yeo, Leslie and K. Matar, Omar and Susana Perez de Ortiz, E. and F. Hewitt, Geoffrey},
	Journal = {Chem. Eng. Sci.},
	Pages = {3505--3520},
	Title = {A description of phase inversion behaviour in agitated {{liquid--liquid}} dispersions under the influence of the {{Marangoni}} effect},
	Volume = {57},
	Year = {2002}}

@article{Yoo1991,
	Author = {J. S. Yoo and U. Moon},
	Journal = {Fluid Dyn. Res.},
	Pages = {181--200},
	Title = {Two-dimensional convection in a horizontal fluid layer with spatially periodic boundary temperatures},
	Volume = {7},
	Year = {1991}}

@article{Zettner2001,
	Author = {Zettner, C. M. and Yoda, M.},
	Journal = {J. Fluid Mech.},
	Pages = {241--266},
	Title = {Moderate-aspect-ratio elliptical cylinders in simple shear with inertia},
	Volume = {442},
	Year = {2001}}

@article{Zhang2001,
	Author = {Zhang, Haifeng and Ahmadi, Goodarz and Fan, {Fa-Gung} and McLaughlin, John B.},
	Journal = {Int. J. Multiph. Flow},
	Pages = {971--1009},
	Title = {Ellipsoidal particles transport and deposition in turbulent channel flows},
	Volume = {27},
	Year = {2001}}

@article{Zhao2007,
	Author = {Zhao, Xinyu},
	Journal = {J. Rheol.},
	Pages = {367--392},
	Title = {{{Drop breakup in dilute {{Newtonian}} emulsions in simple shear flow: New drop breakup mechanisms}}},
	Volume = {51},
	Year = {2007}}

@article{Zhao2010,
	Author = {L. H. Zhao and H. I. Andersson and J. J. J. Gillissen},
	Journal = {Phys. Fluids},
	Pages = {081702},
	Title = {Turbulence modulation and drag reduction by spherical particles},
	Volume = {22},
	Year = {2010}}

@article{Zhao2013,
	Author = {Zhao, L. H. and Andersson, H. I. and Gillissen, J. J. J.},
	Journal = {Acta Mech.},
	Pages = {2375--2384},
	Title = {On inertial effects of long fibers in wall turbulence: fiber orientation and fiber stresses},
	Volume = {224},
	Year = {2013}}

@article{Zhao2014,
	Author = {L. Zhao and X. Lee and R. B. Smith and K. Oleson},
	Journal = {Nature},
	Pages = {216--219},
	Title = {Strong contributions of local background climate to urban heat islands},
	Volume = {511},
	Year = {2014}}

@article{Zhao2015,
	Author = {Lihao Zhao and Niranjan Reddy Challabotla and Helge I. Andersson and Evan A. Variano},
	Journal = {Phys. Rev. Lett.},
	Pages = {244501},
	Title = {{{Rotation of Nonspherical Particles in Turbulent Channel Flow}}},
	Volume = {115},
	Year = {2015}}

@article{Zhao2015b,
	Author = {Zhao, F. and George, W. K. and van Wachem, B. G. M.},
	Journal = {Phys. Fluids},
	Pages = {083301},
	Title = {{{Four-way coupled simulations of small particles in turbulent channel flow: The effects of particle shape and {{Stokes}} number}}},
	Volume = {27},
	Year = {2015}}

@article{Zhou1998,
	Author = {Zhou, Genwen and Kresta, Suzanne M.},
	Journal = {Chem. Eng. Sci.},
	Pages = {2063--2079},
	Title = {Correlation of mean drop size and minimum drop size with the turbulence energy dissipation and the flow in an agitated tank},
	Volume = {53},
	Year = {1998}}

@article{Zhu2016,
	Author = {Zhu, Xiaojue and {Ostilla-M\'onico}, Rodolfo and Verzicco, Roberto and Lohse, Detlef},
	Journal = {J. Fluid Mech.},
	Pages = {746--774},
	Title = {Direct numerical simulation of {{Taylor--Couette}} flow with grooved walls: torque scaling and flow structure},
	Volume = {794},
	Year = {2016}}

@article{Zhu2017,
	Author = {Zhu, Xiaojue and Verzicco, Roberto and Lohse, Detlef},
	Journal = {J. Fluid Mech.},
	Pages = {279--293},
	Title = {Disentangling the origins of torque enhancement through wall roughness in {{Taylor--Couette}} turbulence},
	Volume = {812},
	Year = {2017}}

@article{Zhu2018,
	Author = {Zhu, Xiaojue and Verschoof, Ruben A. and Bakhuis, Dennis and Huisman, Sander G. and Verzicco, Roberto and Sun, Chao and Lohse, Detlef},
	Journal = {Nat. Phys.},
	Pages = {417--423},
	Title = {Wall roughness induces asymptotic ultimate turbulence},
	Volume = {14},
	Year = {2018}}

@article{ZhuB2018,
	Author = {Zhu, Bihai and Ji, Zengqi and Lou, Zhengkun and Qian, Pengcheng},
	Journal = {Phys. Rev. E},
	Pages = {033110},
	Title = {Torque scaling in small-gap {{Taylor-Couette}} flow with smooth or grooved wall},
	Volume = {97},
	Year = {2018}}

@article{Zimmermann2011,
	Author = {Zimmermann, Robert and Gasteuil, Yoann and Bourgoin, {Micka\"el}l and Volk, Romain and Pumir, Alain and Pinton, Jean-Fran{\c c}ois},
	Journal = {Phys. Rev. Lett.},
	Pages = {154501},
	Title = {{{Rotational Intermittency and Turbulence Induced Lift Experienced by Large Particles in a Turbulent Flow}}},
	Volume = {106},
	Year = {2011}}
